Metrics,2023-03-31,2022-12-31,2022-09-30,2022-06-30,2022-03-31,2021-12-31,2021-09-30,2021-06-30,2021-03-31,2020-12-31,2020-09-30,2020-06-30,2020-03-31,2019-12-31,2019-09-30,2019-06-30,2019-03-31,2018-12-31,2018-09-30,2018-06-30,2018-03-31,2017-12-31,2017-09-30,2017-06-30,2017-03-31,2016-12-31,2016-09-30,2016-06-30,2016-03-31,2015-12-31,2015-09-30,2015-06-30,2015-03-31,2014-12-31,2014-09-30,2014-06-30,2014-03-31,2013-12-31,2013-09-30,2013-06-30,+35 Quarters
Revenue,78.44,79.76,71.38,68.04,75.56,78.38,73.05,81.16,83.35,88.22,83.01,89.08,79.17,91.94,91.49,91.75,95.19,94.67,93.53,95.38,94.18,94.94,92.8,89.93,97.54,98.56,98.21,97.56,102.34,101.76,97.47,99.94,101.79,104.89,102.34,100.62,96.17,94.31,88,87.51,Upgrade
Revenue Growth (YoY),3.81%,1.76%,-2.28%,-16.17%,-9.35%,-11.15%,-12.00%,-8.90%,5.28%,-4.04%,-9.27%,-2.91%,-16.83%,-2.88%,-2.18%,-3.80%,1.08%,-0.28%,0.78%,6.07%,-3.45%,-3.67%,-5.50%,-7.83%,-4.68%,-3.15%,0.76%,-2.37%,0.54%,-2.98%,-4.75%,-0.68%,5.84%,11.22%,16.29%,14.98%,11.17%,10.20%,9.49%,14.19%,Upgrade
Cost of Revenue,50.9,47.05,51.21,54.15,48.13,70.08,42.07,45.19,53.27,46.2,47.45,52.08,58.94,41.1,58.48,63.53,64.63,64.69,62.89,67.77,68.84,70.41,63.22,61.22,72.5,64.3,65.88,66.63,62.16,61.62,65.3,73.93,74.7,74.52,76.81,78.38,76.05,63.39,69.89,71.2,Upgrade
Gross Profit,27.54,32.72,20.17,13.89,27.43,8.3,30.98,35.97,30.08,42.02,35.56,37.01,20.23,50.84,33.01,28.23,30.56,29.98,30.64,27.61,25.34,24.53,29.59,28.71,25.05,34.26,32.33,30.94,40.18,40.14,32.17,26.01,27.09,30.36,25.53,22.25,20.13,30.92,18.11,16.31,Upgrade
"Selling, General & Admin",6.02,7.08,6.74,6.78,5.92,6.34,6.24,6.81,6.57,6.42,6.96,7.53,7.01,7.92,6.4,6.06,6.75,7.21,6.18,6.68,5.93,6.73,6.03,6.55,6.31,6.48,6.3,6.32,5.78,6.37,6.28,5.9,5.89,6.43,6.18,5.19,6.72,5.89,5.66,5.66,Upgrade
Other Operating Expenses,-0.02,-0.02,-0.02,-0.01,0.1,0.02,0.02,-0.01,-0.11,-0.01,-0.07,0.08,-0.03,0,0,0,0,0,0,0,0,0,0,0,0,0,0,0,0,0,0,0,0,0,0,0,0,0,0,0,Upgrade
Operating Expenses,6,7.07,6.72,6.76,6.01,6.37,6.25,6.8,6.46,6.41,6.89,7.62,6.99,7.92,6.4,6.06,6.75,7.21,6.18,6.68,5.93,6.73,6.03,6.55,6.31,6.48,6.3,6.32,5.78,6.37,6.28,5.9,5.89,6.43,6.18,5.19,6.72,5.89,5.66,5.66,Upgrade
Operating Income,21.54,25.65,13.45,7.12,21.42,1.93,24.72,29.17,23.63,35.62,28.67,29.39,13.24,42.93,26.61,22.17,23.81,22.78,24.46,20.93,19.41,17.8,23.56,22.15,18.73,27.78,26.03,24.62,34.4,33.77,25.89,20.11,21.2,23.94,19.35,17.06,13.4,25.03,12.45,10.65,Upgrade
Other Expense / Income,-,-,-,-,-,-,-,-,-,-,-,-,-,-,-,-,-,-,-,-,-,-,-,-,-,-,-,-,-,-,-,-,-,-,-,-,-,0.07,0.03,0.03,Upgrade
Pretax Income,21.54,25.65,13.45,7.12,21.42,1.93,24.72,29.17,23.63,35.62,28.67,29.39,13.24,42.93,26.61,22.17,23.81,22.78,24.46,20.93,19.41,17.8,23.56,22.15,18.73,27.78,26.03,24.62,34.4,33.77,25.89,20.11,21.2,23.94,19.35,17.06,13.4,24.96,12.42,10.62,Upgrade
Income Tax,4.2,4.87,2.09,0.99,4.09,-1.61,5.59,5.4,4.31,7.12,5.32,5.44,2.44,8.91,5.23,4.28,4.41,3.97,4.76,3.97,3.25,17.15,6.98,6.67,5.21,8.71,8.13,7.98,10.14,10.7,7.95,5.79,6.07,7.07,5.87,4.29,2.86,7.59,2.75,3,Upgrade
Net Income,17.34,20.78,11.36,6.13,17.33,3.54,19.14,23.77,19.31,28.5,23.35,23.95,10.8,34.01,21.39,17.89,19.4,18.81,19.7,16.96,16.17,0.65,16.58,15.48,13.52,19.07,17.9,16.64,24.26,23.07,17.94,14.32,15.13,16.87,13.48,12.77,10.55,17.37,9.67,7.62,Upgrade
Net Income Growth,0.05%,486.78%,-40.63%,-74.20%,-10.26%,-87.58%,-18.06%,-0.76%,78.81%,-16.21%,9.20%,33.86%,-44.33%,80.87%,8.55%,5.51%,19.98%,2797.69%,18.85%,9.53%,19.56%,-96.60%,-7.37%,-6.96%,-44.25%,-17.34%,-0.25%,16.20%,60.32%,36.81%,33.10%,12.10%,43.43%,-2.92%,39.35%,67.67%,19.39%,88.53%,35.93%,121.26%,Upgrade
Shares Outstanding (Basic),19,19,19,19,19,19,19,19,19,19,19,19,19,19,19,19,19,19,19,19,19,19,19,19,19,19,19,19,19,19,19,19,19,19,19,19,19,18,18,18,Upgrade
Shares Outstanding (Diluted),19,19,19,19,19,19,19,19,19,19,19,19,19,19,19,19,19,19,19,19,19,19,19,19,19,19,19,19,19,19,19,19,19,19,19,19,19,19,19,19,Upgrade
Shares Change,-1.01%,-0.98%,-0.71%,-0.25%,0.11%,0.20%,0.25%,0.23%,0.29%,0.32%,0.29%,0.15%,0.28%,0.14%,0.15%,0.21%,0.19%,0.28%,0.19%,0.20%,0.17%,0.10%,0.24%,0.22%,0.35%,0.22%,0.49%,0.55%,0.61%,1.14%,0.88%,0.98%,0.86%,1.03%,0.91%,0.98%,1.04%,1.36%,0.96%,0.67%,Upgrade
EPS (Basic),0.91,1.08,0.59,0.32,0.90,0.18,0.99,1.23,1.00,1.48,1.21,1.24,0.56,1.77,1.11,0.93,1.01,0.98,1.03,0.88,0.84,0.03,0.86,0.81,0.71,1.00,0.94,0.87,1.27,1.21,0.95,0.76,0.80,0.90,0.72,0.69,0.57,0.95,0.53,0.42,Upgrade
EPS (Diluted),0.90,1.08,0.59,0.32,0.89,0.18,0.99,1.23,0.99,1.47,1.21,1.24,0.56,1.76,1.11,0.93,1.01,0.97,1.02,0.88,0.84,0.03,0.86,0.81,0.70,0.99,0.93,0.87,1.27,1.21,0.94,0.75,0.79,0.89,0.71,0.68,0.56,0.93,0.52,0.41,Upgrade
EPS Growth,1.12%,500.00%,-40.40%,-73.98%,-10.10%,-87.76%,-18.18%,-0.81%,76.79%,-16.48%,9.01%,33.33%,-44.55%,81.44%,8.82%,5.68%,20.24%,3133.33%,18.60%,8.64%,20.00%,-96.97%,-7.53%,-6.90%,-44.88%,-18.18%,-1.06%,16.00%,60.76%,35.96%,32.39%,10.29%,41.07%,-4.30%,36.54%,65.85%,19.15%,86.00%,36.84%,115.79%,Upgrade
Free Cash Flow Per Share,0.70,-0.42,0.53,0.89,0.35,0.41,0.17,0.48,0.84,0.64,0.45,1.38,0.78,0.84,1.15,1.00,1.05,1.43,1.75,1.26,0.61,1.48,3.20,0.88,1.24,1.61,1.37,1.32,1.59,1.57,1.92,-0.34,1.70,2.01,2.27,1.58,1.62,1.57,2.19,2.02,Upgrade
Dividend Per Share,0.340,4.310,0.310,0.310,0.310,4.290,0.290,0.290,0.290,3.770,0.270,0.270,0.270,3.750,0.250,0.250,0.250,3.720,0.220,0.220,0.220,3.700,0.200,0.200,0.200,3.430,0.180,0.180,0.180,3.150,0.150,0.150,0.150,0.120,0.120,0.120,0.620,0.080,0.080,0.080,Upgrade
Dividend Growth,9.68%,0.47%,6.90%,6.90%,6.90%,13.79%,7.41%,7.41%,7.41%,0.53%,8.00%,8.00%,8.00%,0.81%,13.64%,13.64%,13.64%,0.54%,10.00%,10.00%,10.00%,7.87%,11.11%,11.11%,11.11%,8.89%,20.00%,20.00%,20.00%,2525.00%,25.00%,25.00%,-75.81%,50.00%,50.00%,50.00%,675.00%,-,-,-,Upgrade
Gross Margin,35.11%,41.02%,28.25%,20.41%,36.30%,10.59%,42.41%,44.32%,36.09%,47.63%,42.84%,41.54%,25.55%,55.30%,36.08%,30.77%,32.10%,31.67%,32.76%,28.95%,26.91%,25.84%,31.88%,31.92%,25.68%,34.76%,32.92%,31.71%,39.26%,39.45%,33.00%,26.03%,26.61%,28.95%,24.95%,22.11%,20.93%,32.79%,20.58%,18.64%,Upgrade
Operating Margin,27.45%,32.16%,18.84%,10.47%,28.35%,2.46%,33.84%,35.94%,28.34%,40.37%,34.54%,32.99%,16.72%,46.69%,29.09%,24.16%,25.01%,24.06%,26.15%,21.94%,20.61%,18.75%,25.38%,24.63%,19.21%,28.19%,26.50%,25.23%,33.61%,33.18%,26.56%,20.12%,20.82%,22.82%,18.91%,16.96%,13.94%,26.54%,14.14%,12.17%,Upgrade
Profit Margin,22.11%,26.05%,15.92%,9.01%,22.94%,4.52%,26.20%,29.29%,23.17%,32.31%,28.13%,26.88%,13.64%,37.00%,23.38%,19.50%,20.38%,19.87%,21.06%,17.78%,17.17%,0.68%,17.86%,17.22%,13.86%,19.35%,18.22%,17.05%,23.70%,22.67%,18.41%,14.33%,14.86%,16.08%,13.17%,12.69%,10.97%,18.42%,10.99%,8.71%,Upgrade
Free Cash Flow Margin,17.13%,-10.14%,14.34%,25.13%,9.08%,10.20%,4.50%,11.34%,19.47%,13.91%,10.38%,29.86%,18.94%,17.61%,24.26%,20.89%,21.28%,29.03%,36.01%,25.35%,12.53%,29.97%,66.08%,18.72%,24.32%,31.25%,26.75%,25.91%,29.55%,29.43%,37.36%,-6.53%,31.51%,35.92%,41.52%,29.27%,31.27%,30.77%,45.70%,42.45%,Upgrade
Effective Tax Rate,19.48%,18.99%,15.54%,13.91%,19.10%,-83.28%,22.59%,18.53%,18.26%,19.98%,18.54%,18.52%,18.44%,20.76%,19.64%,19.30%,18.52%,17.43%,19.46%,18.99%,16.71%,96.35%,29.63%,30.11%,27.81%,31.35%,31.24%,32.40%,29.48%,31.67%,30.71%,28.80%,28.62%,29.54%,30.33%,25.13%,21.30%,30.40%,22.12%,28.27%,Upgrade
EBITDA,21.89,26.01,13.8,7.43,21.72,2.2,24.97,29.41,23.9,35.89,28.91,29.64,13.49,43.18,26.85,22.38,24.05,23.03,24.72,21.2,19.64,18.02,23.79,22.41,19,28.08,26.32,24.92,34.69,34.09,26.23,20.46,21.53,24.28,19.68,17.36,13.74,25.29,12.75,10.94,Upgrade
EBITDA Margin,27.90%,32.60%,19.34%,10.92%,28.74%,2.80%,34.18%,36.24%,28.67%,40.68%,34.83%,33.27%,17.04%,46.97%,29.35%,24.39%,25.27%,24.32%,26.43%,22.22%,20.85%,18.99%,25.63%,24.93%,19.48%,28.49%,26.80%,25.54%,33.89%,33.50%,26.91%,20.48%,21.15%,23.15%,19.23%,17.25%,14.28%,26.82%,14.48%,12.50%,Upgrade
Depreciation & Amortization,0.35,0.36,0.35,0.31,0.29,0.26,0.24,0.24,0.27,0.27,0.24,0.25,0.25,0.26,0.24,0.21,0.24,0.25,0.26,0.27,0.22,0.22,0.23,0.26,0.27,0.3,0.29,0.3,0.29,0.32,0.34,0.35,0.34,0.34,0.33,0.3,0.33,0.33,0.32,0.32,Upgrade
EBIT,21.54,25.65,13.45,7.12,21.42,1.93,24.72,29.17,23.63,35.62,28.67,29.39,13.24,42.93,26.61,22.17,23.81,22.78,24.46,20.93,19.41,17.8,23.56,22.15,18.73,27.78,26.03,24.62,34.4,33.77,25.89,20.11,21.2,23.94,19.35,17.06,13.4,24.96,12.42,10.62,Upgrade
EBIT Margin,27.45%,32.16%,18.84%,10.47%,28.35%,2.46%,33.84%,35.94%,28.34%,40.37%,34.54%,32.99%,16.72%,46.69%,29.09%,24.16%,25.01%,24.06%,26.15%,21.94%,20.61%,18.75%,25.38%,24.63%,19.21%,28.19%,26.50%,25.23%,33.61%,33.18%,26.56%,20.12%,20.82%,22.82%,18.91%,16.96%,13.94%,26.47%,14.11%,12.14%,Upgrade
