Metrics,2023-02-28,2022-11-30,2022-08-31,2022-05-31,2022-02-28,2021-11-30,2021-08-31,2021-05-31,2021-02-28,2020-11-30,2020-08-31,2020-05-31,2009-02-28,2008-11-30,2008-08-31,2008-05-31,2008-02-29,2007-11-30,2007-08-31,2007-05-31,2007-02-28,2006-11-30,2006-08-31,2006-05-31,2006-02-28,2005-11-30,2005-08-31,2005-05-31,2005-02-28,2004-11-30,2004-08-31,2004-05-31,2004-02-29,2003-11-30,2003-08-31,2003-05-31,2003-02-28,2002-11-30,2002-08-31,2002-05-31,+4 Quarters
Revenue,14.09,12.34,6.92,7.52,1.03,0,0,0,0,0,0,-,1.53,0.08,0.05,0.09,0.13,0.08,0.05,0.1,0.18,0.65,0.61,0.22,0.91,1.52,1.22,0.81,0.63,0.44,1.44,1.29,1.01,0.76,0.53,0.57,0.49,0.04,0,-0.04,Upgrade
Revenue Growth (YoY),1273.29%,-,-,-,-,-,-,-,-,-,-,-,1116.83%,10.27%,18.73%,-13.79%,-31.10%,-88.52%,-92.37%,-52.19%,-80.02%,-56.92%,-50.32%,-72.97%,44.85%,246.93%,-15.15%,-37.56%,-37.44%,-42.54%,169.81%,128.00%,107.04%,1813.67%,-,-,-,-,-,-,Upgrade
Cost of Revenue,10.53,11.81,6.09,7.43,2.07,0,0,0,0,0,0,-,1.32,0.04,0.03,0.04,0.03,0.04,0.04,0.16,0.33,0.47,0.38,0.2,0.47,0.92,0.78,0.56,0.37,0.29,1.01,0.86,0.62,0.55,0.36,0.42,0.35,0.02,0,0,Upgrade
Gross Profit,3.56,0.53,0.83,0.09,-1.05,0,0,0,0,0,0,-,0.21,0.05,0.03,0.05,0.09,0.04,0,-0.05,-0.15,0.19,0.23,0.02,0.44,0.6,0.44,0.25,0.26,0.15,0.42,0.43,0.39,0.21,0.17,0.14,0.14,0.02,0,-0.04,Upgrade
"Selling, General & Admin",10.51,26.5,4.13,4.32,1.37,1.18,0.7,0.33,0,0,0,-,0.45,0.43,0.34,0.61,0.79,0.74,0.81,0.76,0.6,0.85,0.83,0.78,0.69,0.6,0.52,0.52,0.53,0.55,0.41,0.38,0.29,0.35,0.35,0.33,0.27,0.3,0.24,0.17,Upgrade
Research & Development,0,0,0,0,0,0,0,0,0,0,0,-,0.08,0.07,0.02,0.05,0.04,0.08,0.11,0.08,0.02,0.02,0.01,0.2,0.18,0.28,0.4,0.21,0.16,0.1,0.08,0.03,0.06,0.06,0.03,0.02,0.01,0.01,0,0,Upgrade
Other Operating Expenses,0,0.7,0.88,0.04,0,0.17,12.34,0,0,0,0,0,0.11,-0.01,0.01,"32,301.73",0.03,0.03,0.03,-0.08,0.03,0.03,0.03,0.02,0.02,0.03,0.03,0.04,0.03,0.02,0.02,0.03,0.02,0.02,0.02,0.02,0.01,0.01,0.01,0.01,Upgrade
Operating Expenses,10.51,27.21,5.01,4.36,1.37,1.36,13.04,0.33,0,0,0,-,0.64,0.49,0.37,"32,302.39",0.86,0.85,0.95,0.76,0.65,0.9,0.87,1,0.89,0.91,0.95,0.77,0.72,0.68,0.51,0.44,0.38,0.43,0.4,0.37,0.29,0.33,0.25,0.18,Upgrade
Operating Income,-6.96,-26.68,-4.18,-4.27,-2.42,-1.36,-13.04,-0.33,0,0,0,-,-0.43,-0.44,-0.34,"-32,302.34",-0.76,-0.81,-0.95,-0.81,-0.8,-0.71,-0.65,-0.98,-0.44,-0.31,-0.52,-0.52,-0.46,-0.53,-0.09,-0.01,0.01,-0.22,-0.23,-0.22,-0.16,-0.31,-0.25,-0.22,Upgrade
Interest Expense / Income,0.38,0.39,0.36,0.11,0,0,0,0.01,0.08,0.07,0.07,-,0,0,0,0,-0.01,0,0,0,0,0,0,0,0,0,0,0,0,0,0,0,0,0,0,0,0,0,0,0,Upgrade
Other Expense / Income,-0.32,-0.13,-0.03,-1.84,3.97,-1.4,1.06,-,-,-,-,-,-,-0,-0,"-32,301.49",-,-0.03,-0.04,0.04,-0.06,-0.07,-0.07,0.02,-0.08,-0.07,0.11,-0.07,-0.05,-0.05,-0.05,-0.03,-0,-0,-0,-0,-0,-0,-0,-0,Upgrade
Pretax Income,-7.03,-26.93,-4.5,-2.54,-6.39,0.04,-14.1,-0.35,-0.08,-0.07,-0.07,-,-0.43,-0.44,-0.33,-0.84,-0.75,-0.78,-0.91,-0.85,-0.74,-0.64,-0.57,-1,-0.36,-0.25,-0.63,-0.46,-0.41,-0.48,-0.04,0.02,0.01,-0.22,-0.23,-0.22,-0.15,-0.31,-0.25,-0.21,Upgrade
Income Tax,0,-0.31,0.03,0.27,0.06,0.21,0,0,0,0,0,-,0,0,0,0,0,0,0,-0.01,-0.02,0.01,0.01,0.01,0.01,0.01,0.01,0.01,0.01,0.01,0.01,0.01,0.01,0,0,0,0,0,0,0,Upgrade
Net Income,-7.03,-26.62,-4.53,-2.81,-6.45,-0.17,-14.1,-0.35,-0.08,-0.07,-0.07,-,-0.43,-0.44,-0.33,-0.85,-0.75,-0.78,-0.91,-0.85,-0.72,-0.64,-0.58,-1.01,-0.36,-0.25,-0.63,-0.46,-0.41,-0.48,-0.05,0.01,0.01,-0.22,-0.23,-0.23,-0.15,-0.31,-0.25,-0.21,Upgrade
Preferred Dividends,0,0,0,0,0,0,0,0,0,0,0,-,0.03,0,0,0,0,0,0,0,0,0,0,0,0,0,0,0,0,0,0,0,0,0,0,0,0,0,0,0,Upgrade
Net Income Common,-7.03,-26.62,-4.53,-2.81,-6.45,-0.17,-14.1,-0.35,-0.08,-0.07,-0.07,-,-0.47,-0.44,-0.33,-0.85,-0.75,-0.78,-0.91,-0.85,-0.72,-0.64,-0.58,-1.01,-0.36,-0.25,-0.63,-0.46,-0.41,-0.48,-0.05,0.01,0.01,-0.22,-0.23,-0.23,-0.15,-0.31,-0.25,-0.21,Upgrade
Shares Outstanding (Basic),94,93,93,57,53,53,45,2,2,2,1,2,1,1,1,1,1,1,1,1,1,1,1,1,1,1,1,1,1,1,1,1,1,1,1,1,1,1,0,0,Upgrade
Shares Outstanding (Diluted),94,93,93,57,53,53,45,2,2,2,-,-,1,1,1,1,1,1,1,1,1,1,1,1,1,1,1,1,1,1,1,1,1,-,-,-,-,-,-,-,Upgrade
Shares Change,76.26%,74.96%,107.19%,3680.20%,3433.74%,3433.73%,2914.21%,-0.00%,1.36%,1.65%,6.39%,8.00%,6.84%,7.75%,1.90%,2.13%,1.91%,0.77%,0.43%,0.06%,-,-,0.00%,0.00%,0.00%,-,-0.14%,32.63%,34.72%,29.16%,62.00%,56.89%,23.94%,31.08%,444.87%,323.61%,468.79%,140.63%,-54.27%,-50.87%,Upgrade
EPS (Basic),-0.08,-0.29,-0.05,-,-0.12,-,-0.31,-0.23,-0.05,-0.06,-,-,-0.30,-0.30,-0.24,-0.60,-0.54,-0.54,-0.66,-0.60,-0.54,-0.48,-0.42,-0.72,-0.24,-0.18,-0.48,-0.30,-0.30,-0.36,-0.06,0.06,-,-0.18,-0.24,-0.24,-0.18,-0.36,-1.62,-1.44,Upgrade
EPS (Diluted),-0.08,-0.29,-0.05,-,-0.12,-,-0.31,-0.23,-0.05,-0.06,-,-,-0.30,-0.30,-0.24,-0.60,-0.54,-0.54,-0.66,-0.60,-0.54,-0.48,-0.42,-0.72,-0.24,-0.18,-0.48,-0.30,-0.30,-0.36,-0.06,0.06,-,-,-,-,-,-,-,-,Upgrade
Free Cash Flow Per Share,0.00,-0.30,-0.15,-0.56,0.14,-0.35,-0.28,-2.24,-,-,-,-,-0.30,-0.37,-0.27,-0.27,-0.51,-0.49,-0.41,-0.47,-0.69,-0.45,-0.39,-0.57,0.05,-0.30,-0.44,-0.19,-0.28,-0.47,-0.13,-0.17,0.34,-0.33,-0.55,-0.27,-0.18,-0.34,-1.64,-1.26,Upgrade
Gross Margin,25.24%,4.28%,12.00%,1.20%,-102.05%,-,-,-,-,-,-,-,13.64%,56.56%,54.35%,59.74%,75.16%,53.07%,7.47%,-49.62%,-82.91%,28.42%,37.32%,9.40%,48.67%,39.43%,35.83%,30.47%,41.36%,33.44%,29.53%,33.47%,38.36%,27.46%,32.57%,24.91%,28.14%,39.52%,-,-,Upgrade
Operating Margin,-49.38%,-216.18%,-60.33%,-56.71%,-235.58%,-,-,-,-,-,-,-,-28.10%,-536.33%,-614.08%,-35985446.08%,-604.35%,-1084.17%,-2052.23%,-778.54%,-436.74%,-108.38%,-106.70%,-451.05%,-48.23%,-20.72%,-42.35%,-65.10%,-73.00%,-121.37%,-6.31%,-0.98%,0.90%,-28.51%,-42.68%,-39.66%,-32.01%,-788.16%,-,-,Upgrade
Profit Margin,-49.86%,-215.70%,-65.44%,-37.31%,-628.17%,-,-,-,-,-,-,-,-30.42%,-533.52%,-608.37%,-942.09%,-594.64%,-1043.19%,-1965.69%,-812.76%,-394.59%,-98.09%,-95.65%,-463.28%,-39.82%,-16.63%,-51.82%,-57.63%,-65.45%,-110.70%,-3.44%,0.91%,0.64%,-28.30%,-42.58%,-39.79%,-31.80%,-777.76%,-,-,Upgrade
Free Cash Flow Margin,1.82%,-226.47%,-207.67%,-422.42%,707.41%,-,-,-,-,-,-,-,-29.22%,-666.28%,-680.85%,-412.86%,-561.52%,-907.94%,-1211.80%,-613.41%,-518.23%,-94.07%,-89.19%,-357.99%,7.12%,-26.76%,-49.80%,-32.59%,-60.21%,-146.75%,-12.36%,-13.39%,33.81%,-46.30%,-87.40%,-31.72%,-30.96%,-690.10%,-,-,Upgrade
Effective Tax Rate,-,-,-,-,-,497.67%,-,-,-,-,-,-,-,-,-,-,-,-,-,-,-,-,-,-,-,-,-,-,-,-,-,40.21%,53.41%,-,-,-,-,-,-,-,Upgrade
EBITDA,-4.71,-24.98,-3.01,-1.46,-6.32,0.22,-14.09,-0.33,0,0,0,-,-0.33,-0.42,-0.33,-0.93,-0.73,-0.76,-0.88,-0.93,-0.71,-0.61,-0.55,-0.98,-0.33,-0.22,-0.59,-0.42,-0.38,-0.45,-0.01,0.05,0.04,-0.2,-0.21,-0.21,-0.14,-0.3,-0.24,-0.21,Upgrade
EBITDA Margin,-33.46%,-202.40%,-43.43%,-19.39%,-615.69%,-,-,-,-,-,-,-,-21.23%,-510.88%,-595.27%,-1031.41%,-582.70%,-1006.93%,-1906.71%,-896.99%,-389.61%,-93.13%,-90.28%,-450.61%,-36.52%,-14.16%,-48.73%,-52.14%,-59.69%,-102.39%,-0.90%,3.58%,3.70%,-25.79%,-38.94%,-36.48%,-28.80%,-742.58%,-,-,Upgrade
Depreciation & Amortization,1.93,1.57,1.14,0.97,0.07,0.17,0,0,0,0,0,-,0.11,0.02,0.01,-0.08,0.03,0.03,0.03,-0.08,0.03,0.03,0.03,0.02,0.02,0.03,0.03,0.04,0.03,0.03,0.03,0.03,0.02,0.02,0.02,0.02,0.01,0.01,0.01,0.01,Upgrade
EBIT,-6.64,-26.54,-4.14,-2.43,-6.39,0.04,-14.1,-0.33,0,0,0,-,-0.43,-0.44,-0.33,-0.84,-0.76,-0.78,-0.91,-0.85,-0.74,-0.64,-0.57,-1,-0.36,-0.25,-0.63,-0.46,-0.41,-0.48,-0.04,0.02,0.01,-0.22,-0.23,-0.22,-0.15,-0.31,-0.25,-0.21,Upgrade
EBIT Margin,-47.13%,-215.11%,-59.84%,-32.29%,-622.32%,-,-,-,-,-,-,-,-28.10%,-533.52%,-608.37%,-940.34%,-604.35%,-1043.19%,-1965.69%,-819.13%,-404.40%,-97.25%,-94.74%,-460.34%,-39.14%,-16.22%,-51.31%,-56.77%,-64.36%,-109.12%,-2.95%,1.52%,1.36%,-28.27%,-42.50%,-39.61%,-31.63%,-777.24%,-,-,Upgrade
