Metrics,2020-05-31,2019-11-30,2019-05-31,2018-11-30,2018-05-31,2017-11-30,2011-11-30,2011-08-31,2011-05-31,2011-02-28,2010-11-30,2010-08-31,2010-05-31,2010-02-28,2009-11-30,2009-08-31,2009-05-31,2009-02-28,2008-11-30,2008-08-31,2008-05-31,2008-02-29,2007-11-30,2007-08-31,2007-05-31,2007-02-28,2006-11-30,2006-08-31,2006-05-31,2006-02-28,2005-11-30,2005-08-31,2005-05-31,2005-02-28,2004-11-30,2004-08-31,2004-05-31,2004-02-29,2003-11-30,2003-08-31,+1 Quarters
Revenue,0.66,0.65,1.72,0.61,1.01,0.48,2.08,1.18,2.13,0.5,1.32,0.79,2.25,0.57,1.38,0.6,1.05,0.49,2.84,3.66,4.13,0.81,2.22,5.14,5.76,1.38,1.24,4.73,4.5,1.05,1.07,2.08,1.7,1.22,1.12,2.05,1.59,1.88,1.6,3.52,Upgrade
Revenue Growth (YoY),-34.96%,35.47%,-17.37%,-48.30%,-52.41%,-3.68%,57.58%,49.37%,-5.33%,-12.28%,-4.35%,31.67%,114.29%,16.33%,-51.41%,-83.61%,-74.58%,-39.51%,27.93%,-28.79%,-28.30%,-41.30%,79.03%,8.67%,28.00%,31.43%,15.89%,127.40%,164.71%,-13.93%,-4.46%,1.46%,6.92%,-35.11%,-30.00%,-41.76%,-26.05%,-,-,-,Upgrade
Cost of Revenue,0.05,-0.08,0.83,0.48,0.63,0.54,0.27,0.28,0.28,0.37,0.29,0.27,0.22,0.33,0.51,0.14,0.22,0.25,0.12,0.22,0.34,0.04,0.08,0.06,0.1,0.06,0.05,0.03,0.2,0.16,0.18,0.12,0.3,0.03,0.1,0,0.03,0.06,0.02,-0.01,Upgrade
Gross Profit,0.61,0.73,0.89,0.13,0.38,-0.06,1.81,0.9,1.85,0.13,1.03,0.52,2.03,0.24,0.87,0.46,0.83,0.24,2.72,3.44,3.79,0.77,2.14,5.08,5.66,1.32,1.19,4.7,4.3,0.89,0.89,1.96,1.4,1.19,1.02,2.05,1.56,1.82,1.58,3.53,Upgrade
General & Administrative,1.61,1.64,1.14,0.98,1,0.93,0.67,0.56,0.69,0.82,1,0.7,1.64,0.74,0.76,0.63,0.67,0.87,1.11,0.88,1.65,1.19,0.89,0.86,0.85,0.75,1.29,0.75,0.95,0.58,1.2,1.5,1.11,0.45,1.99,0.63,0.56,0.78,0.75,0.71,Upgrade
Operating Expenses,1.65,1.56,1.16,0.97,0.95,0.91,0.58,0.57,0.69,0.82,0.99,0.7,1.6,0.7,0.76,0.62,0.41,0.91,1.21,0.98,1.72,1.3,0.95,0.92,0.89,0.81,0.78,0.8,1.48,0.71,1.09,1.6,1.24,0.58,2.24,0.67,0.65,0.86,0.94,0.73,Upgrade
Operating Income,-1.03,-0.84,-0.28,-0.84,-0.57,-0.97,1.24,0.34,1.16,-0.7,0.03,-0.18,0.42,-0.47,0.11,-0.16,0.41,-0.67,1.52,2.46,2.07,-0.52,1.2,4.16,4.77,0.51,0.41,3.9,2.82,0.18,-0.2,0.36,0.17,0.61,-1.22,1.38,0.91,0.96,0.64,2.8,Upgrade
Interest Expense,79.48,60.08,32.46,-37.76,-9.62,-14.59,-41.26,20.84,-13.45,-0.15,83.66,31.3,50.83,-69.71,125.2,-33.89,168.48,43.92,-182.71,-132.51,-57.31,101.58,156.06,-52.54,34.96,-25.51,-0.16,-0.08,2.88,10.36,52.52,-42.65,2.12,0.03,0.04,0.31,0.15,0.05,1.69,0,Upgrade
Other Expense / Income,-158.95,-120.16,-64.93,75.51,19.25,29.17,82.52,-41.68,26.9,0.3,-167.32,-62.6,-101.66,139.42,-250.39,67.78,-336.96,-87.84,365.42,265.02,114.61,-203.15,-312.1,105.06,-69.83,50.94,-36.86,-4.01,-11.86,-136.94,-158.56,2.48,39.04,39.93,-41.2,-23.05,47.3,37.07,-76.7,-78.84,Upgrade
Pretax Income,78.44,59.24,32.19,-38.6,-10.19,-15.56,-40.02,21.18,-12.29,-0.85,83.69,31.12,51.25,-70.18,125.3,-34.05,168.89,43.25,-181.19,-130.05,-55.23,101.05,157.24,-48.36,39.64,-24.92,37.43,7.99,11.8,126.76,105.84,40.53,-40.99,-39.35,39.95,24.12,-46.54,-36.15,75.65,81.64,Upgrade
Income Tax,0,0,0,0,0,0,0,0,0,0,0,0,0,0,0,0,0,0,0,0,0,0,0,0,0,0,0,0,0,0,0,0,0,0,-6.8,1.31,-2,-1.17,5.27,0.19,Upgrade
Net Income,78.44,59.24,32.19,-38.6,-10.19,-15.56,-40.02,21.18,-12.29,-0.85,83.69,31.12,51.25,-70.18,125.3,-34.05,168.89,43.25,-181.19,-130.05,-55.23,101.05,157.24,-48.36,39.64,-24.92,37.43,7.99,11.8,126.76,105.84,40.53,-40.99,-39.35,46.74,22.81,-44.54,-34.99,70.38,81.45,Upgrade
Net Income Growth,-,-,-,-,-,-,-,-31.94%,-,-,-33.21%,-,-69.65%,-,-,-,-,-57.20%,-,-,-,-,320.09%,-,235.93%,-,-64.64%,-80.29%,-,-,126.44%,77.69%,-,-,-33.59%,-72.00%,-,-,-,-,Upgrade
Shares Outstanding (Basic),19,19,19,19,19,19,19,19,19,19,19,19,19,19,13,22,22,22,14,14,29,29,29,29,29,29,29,29,29,29,29,29,29,29,29,29,29,29,29,29,Upgrade
Shares Outstanding (Diluted),19,19,19,19,19,19,19,19,19,19,19,19,19,19,13,22,22,22,14,14,29,29,29,29,29,29,29,29,29,29,29,29,29,29,29,29,29,29,29,29,Upgrade
Shares Change,-,-,3.21%,-0.77%,-0.77%,-0.77%,-3.86%,-,-,-,50.00%,-10.00%,-10.00%,-10.00%,-10.00%,50.00%,-25.00%,-25.00%,-50.00%,-50.00%,-,-,-,-,-,-,-,-,-,-,-,-,-,-,-,-,-1.10%,-,-,-,Upgrade
EPS (Basic),4.07,3.07,1.67,-2.00,-0.53,-0.81,-2.14,1.09,-0.63,-0.04,4.31,1.60,2.64,-3.61,9.67,-1.58,7.82,2.00,-12.58,-9.03,-1.92,3.51,5.46,-1.68,1.38,-0.87,1.30,0.28,0.41,4.40,3.67,1.41,-1.42,-1.37,1.62,0.79,-1.55,-1.21,2.44,2.83,Upgrade
EPS (Diluted),4.07,3.07,1.67,-2.00,-0.53,-0.81,-2.14,1.09,-0.63,-0.04,4.31,1.60,2.64,-3.61,9.67,-1.58,7.82,2.00,-12.58,-9.03,-1.92,3.51,5.46,-1.68,1.38,-0.87,1.30,0.28,0.41,4.40,3.67,1.41,-1.42,-1.37,1.62,0.79,-1.55,-1.21,2.44,2.83,Upgrade
EPS Growth,-,-,-,-,-,-,-,-31.94%,-,-,-55.47%,-,-66.28%,-,-,-,-,-42.93%,-,-,-,-,320.09%,-,235.93%,-,-64.64%,-80.29%,-,-,126.44%,77.69%,-,-,-33.59%,-72.00%,-,-,-,-,Upgrade
Free Cash Flow Per Share,-,-,-,-,-,4.07,3.07,1.67,-2.00,-0.53,0.09,-2.14,1.09,-0.63,-0.04,4.31,1.60,2.64,-3.61,9.67,-1.57,7.82,2.00,-12.58,-9.03,-1.92,3.51,5.46,-1.68,0.51,-,2.55,-,-,-,-,-,-,-,-,Upgrade
Gross Margin,92.82%,111.70%,51.72%,21.58%,37.51%,-12.58%,87.02%,76.27%,86.85%,26.00%,78.03%,65.82%,90.22%,42.11%,63.04%,76.67%,79.05%,48.98%,95.77%,93.99%,91.77%,95.06%,96.40%,98.83%,98.26%,95.65%,95.97%,99.37%,95.56%,84.76%,83.18%,94.23%,82.35%,97.54%,91.07%,100.00%,98.11%,96.81%,98.75%,100.28%,Upgrade
Operating Margin,-156.80%,-128.06%,-16.05%,-138.05%,-55.89%,-201.36%,59.62%,28.81%,54.46%,-140.00%,2.27%,-22.78%,18.67%,-82.46%,7.97%,-26.67%,39.05%,-136.73%,53.52%,67.21%,50.12%,-64.20%,54.05%,80.93%,82.81%,36.96%,33.06%,82.45%,62.67%,17.14%,-18.69%,17.31%,10.00%,50.00%,-108.93%,67.32%,57.23%,51.06%,40.00%,79.55%,Upgrade
Profit Margin,11896.69%,9080.81%,1872.82%,-6327.25%,-1005.33%,-3230.18%,-1924.04%,1794.92%,-577.00%,-170.00%,6340.15%,3939.24%,2277.78%,-12312.28%,9079.71%,-5675.00%,16084.76%,8826.53%,-6379.93%,-3553.28%,-1337.29%,12475.31%,7082.88%,-940.86%,688.19%,-1805.80%,3018.55%,168.92%,262.22%,12072.38%,9891.59%,1948.56%,-2411.18%,-3225.41%,4173.21%,1112.68%,-2801.26%,-1861.17%,4398.75%,2313.92%,Upgrade
Free Cash Flow Margin,11896.69%,9080.81%,1872.82%,-6327.26%,-1005.33%,362.12%,-1923.08%,1788.14%,-577.46%,-160.00%,6340.91%,3936.71%,2280.00%,-12315.79%,9079.71%,-5666.67%,16085.71%,8816.33%,-6380.28%,-3551.91%,-1338.98%,12481.48%,7081.08%,-939.69%,255.21%,5311.59%,6572.58%,617.34%,-,-,-,-,-,-,-,-,-,-,-,-,Upgrade
Effective Tax Rate,-,-,-,-,-,-,-,-,-,-,-,-,-,-,-,-,-,-,-,-,-,-,-,-,-,-,-,-,-,-,-,-,-,-,-17.02%,5.43%,-,-,6.97%,0.23%,Upgrade
EBITDA,157.92,119.32,64.65,-76.35,-19.82,-30.14,-81.28,42.02,-25.74,-1,167.35,62.42,102.08,-139.89,250.5,-67.94,337.37,87.17,-363.9,-262.56,-112.54,202.63,313.3,-100.9,74.6,-50.43,37.27,7.91,14.68,137.12,158.36,-2.12,-38.87,-39.32,39.98,24.43,-46.39,-36.11,77.34,81.64,Upgrade
EBITDA Margin,23950.18%,18289.68%,3761.69%,-12516.46%,-1954.77%,-6259.01%,-3907.69%,3561.02%,-1208.45%,-200.00%,12678.03%,7901.27%,4536.89%,-24542.11%,18152.17%,-11323.33%,32130.48%,17789.80%,-12813.38%,-7173.77%,-2724.94%,25016.05%,14112.61%,-1963.04%,1295.14%,-3654.35%,3005.65%,167.23%,326.22%,13059.05%,14800.00%,-101.92%,-2286.47%,-3222.95%,3569.64%,1191.71%,-2917.61%,-1920.74%,4833.75%,2319.32%,Upgrade
