Metrics,2023-03-31,2022-12-31,2022-09-30,2022-06-30,2022-03-31,2021-12-31,2021-09-30,2021-06-30,2021-03-31,2020-12-31,2020-09-30,2020-06-30,2020-03-31,2019-12-31,2019-09-30,2019-06-30,2019-03-31,2018-12-31,2018-09-30,2018-06-30,2018-03-31,2017-12-31,2017-09-30,2016-12-31
Revenue,33.9,34.02,32.86,28.53,26.32,28.15,27.32,27.51,27.55,24.94,26.69,25.41,21.57,20.87,20.46,17.61,18.12,17.29,17.24,17.9,19.24,16.57,12.62,37.13
Revenue Growth (YoY),28.78%,20.84%,20.30%,3.71%,-4.44%,12.89%,2.34%,8.27%,27.73%,19.51%,30.46%,44.29%,19.04%,20.72%,18.64%,-1.60%,-5.85%,4.33%,36.61%,-51.81%,-,-,-,-
Gross Profit,33.9,34.02,32.86,28.53,26.32,28.15,27.32,27.51,27.55,24.94,26.69,25.41,21.57,20.87,20.46,17.61,18.12,17.29,17.24,17.9,19.24,16.57,12.62,37.13
"Selling, General & Admin",13.83,12.39,13.84,9.85,9.91,9.85,9.58,9.63,9.94,10.74,9.5,9.21,9.15,8.73,8.69,7.44,7.27,7.46,7.05,7.12,7.83,7.69,5.35,11.73
Other Operating Expenses,5.76,4.86,5.05,3.37,2.82,3.59,2.89,2.66,2.42,1.84,2.7,3.91,3.59,2.45,3.39,2.52,2.27,2.43,2.68,2.9,2.16,2.7,1.63,-0.41
Operating Expenses,19.59,17.25,18.9,13.22,12.73,13.43,12.47,12.29,12.36,12.58,12.2,13.12,12.74,11.18,12.09,9.96,9.54,9.89,9.73,10.02,9.98,10.4,6.97,11.32
Operating Income,14.31,16.76,13.96,15.31,13.59,14.72,14.85,15.22,15.19,12.36,14.49,12.3,8.82,9.68,8.37,7.66,8.58,7.39,7.52,7.88,9.26,6.17,5.65,25.81
Other Expense / Income,0.08,-,-,-,-,0,-,-,-,-3.23,-,1.32,-,-,-,-,-,-0.03,-0.02,0.05,-0,-0.01,-,0.23
Pretax Income,14.24,16.76,13.96,15.31,13.59,14.72,14.85,15.22,15.19,15.59,14.49,10.97,8.82,9.68,8.37,7.66,8.58,7.42,7.54,7.83,9.26,6.18,5.65,25.59
Income Tax,3.56,3.92,3.43,3.66,3.41,3.55,3.63,3.67,3.67,4.06,3.53,2.68,1.56,2.23,1.71,1.67,1.99,1.36,1.6,1.43,2.2,2.9,1.82,7.71
Net Income,10.68,12.84,10.53,11.65,10.18,11.16,11.22,11.55,11.51,11.53,10.95,8.3,7.27,7.46,6.66,5.99,6.59,6.06,5.93,6.4,7.06,3.28,3.83,17.88
Net Income Growth,4.88%,15.05%,-6.11%,0.92%,-11.56%,-3.17%,2.41%,39.20%,58.46%,54.58%,64.50%,38.52%,10.31%,23.07%,12.26%,-6.44%,-6.74%,84.90%,54.84%,-64.20%,-,-,-,-
Shares Outstanding (Basic),10,9,7,8,8,8,8,8,8,8,8,7,7,7,7,7,7,7,7,7,7,7,7,7
Shares Change,38.19%,18.35%,-2.66%,-2.61%,-1.86%,-1.31%,-0.86%,7.98%,9.08%,9.11%,8.81%,8.80%,7.71%,6.62%,6.66%,-1.28%,-1.27%,-0.26%,-,-,-,-,-,-
EPS (Basic),1.09,1.43,1.26,1.55,1.34,1.47,1.46,1.50,1.49,1.50,1.42,1.11,1.03,1.05,0.95,0.91,1.00,0.91,0.89,0.96,1.05,0.49,0.62,-
EPS (Diluted),1.09,1.43,1.26,1.55,1.34,1.47,1.46,1.50,1.49,1.51,1.42,1.11,1.02,1.04,0.93,0.90,1.00,0.91,0.89,0.96,1.05,0.49,0.62,-
EPS Growth,-18.66%,-2.72%,-13.70%,3.33%,-10.07%,-2.65%,2.82%,35.14%,46.08%,45.19%,52.69%,23.33%,2.00%,14.29%,4.49%,-6.25%,-4.76%,85.71%,43.55%,-,-,-,-,-
Free Cash Flow Per Share,0.14,2.04,0.88,0.88,0.20,1.28,1.56,0.66,0.68,2.46,0.18,2.69,-0.55,1.42,0.78,0.33,-0.36,1.67,0.81,0.67,-0.80,1.67,-,1.39
Dividend Per Share,0.250,0.250,0.250,0.220,0.220,0.220,0.500,0.210,0.210,0.210,0.200,0.200,0.200,0.200,0.200,0.200,0.200,0.200,-,-,-,-,-,-
Dividend Growth,13.64%,13.64%,-50.00%,4.76%,4.76%,4.76%,150.00%,5.00%,5.00%,5.00%,0%,0%,0%,0%,-,-,-,-,-,-,-,-,-,-
Gross Margin,100.00%,100.00%,100.00%,100.00%,100.00%,100.00%,100.00%,100.00%,100.00%,100.00%,100.00%,100.00%,100.00%,100.00%,100.00%,100.00%,100.00%,100.00%,100.00%,100.00%,100.00%,100.00%,100.00%,100.00%
Operating Margin,42.22%,49.28%,42.50%,53.67%,51.64%,52.29%,54.35%,55.31%,55.14%,49.56%,54.28%,48.39%,40.92%,46.41%,40.92%,43.47%,47.36%,42.77%,43.59%,44.03%,48.13%,37.25%,44.75%,69.51%
Profit Margin,31.50%,37.76%,32.06%,40.85%,38.68%,39.66%,41.07%,41.98%,41.80%,46.24%,41.04%,32.65%,33.69%,35.75%,32.55%,34.01%,36.36%,35.07%,34.40%,35.77%,36.71%,19.79%,30.35%,48.15%
Free Cash Flow Margin,4.16%,54.28%,19.91%,23.29%,5.63%,34.81%,43.76%,18.53%,19.11%,76.38%,5.37%,75.82%,-17.95%,48.34%,27.11%,12.15%,-13.21%,64.14%,31.13%,24.98%,-27.83%,67.28%,-,24.92%
Effective Tax Rate,24.98%,23.38%,24.57%,23.89%,25.09%,24.14%,24.44%,24.11%,24.19%,26.06%,24.39%,24.39%,17.66%,22.98%,20.45%,21.76%,23.22%,18.35%,21.28%,18.27%,23.75%,46.97%,32.18%,30.12%
EBITDA,16.15,18.19,15.13,16.01,14.28,15.46,15.59,16.06,16.05,16.54,15.26,11.67,9.58,10.49,9.04,8.09,9.02,7.88,7.99,8.29,9.76,6.71,-,26.06
EBITDA Margin,47.65%,53.47%,46.03%,56.10%,54.26%,54.93%,57.06%,58.36%,58.26%,66.31%,57.19%,45.93%,44.43%,50.26%,44.17%,45.94%,49.78%,45.59%,46.35%,46.35%,50.72%,40.48%,-,70.18%
Depreciation & Amortization,1.92,1.43,1.16,0.69,0.69,0.75,0.74,0.84,0.86,0.94,0.78,0.7,0.76,0.8,0.67,0.44,0.44,0.46,0.46,0.46,0.5,0.53,-,0.47
EBIT,14.24,16.76,13.96,15.31,13.59,14.72,14.85,15.22,15.19,15.59,14.49,10.97,8.82,9.68,8.37,7.66,8.58,7.42,7.54,7.83,9.26,6.18,5.65,25.59
EBIT Margin,42.00%,49.28%,42.50%,53.67%,51.64%,52.28%,54.35%,55.31%,55.14%,62.53%,54.28%,43.18%,40.92%,46.41%,40.92%,43.47%,47.36%,42.94%,43.70%,43.76%,48.14%,37.31%,44.75%,68.90%
