Metrics,2023-03-31,2022-12-31,2022-09-30,2022-06-30,2022-03-31,2021-12-31,2021-09-30,2021-06-30,2021-03-31,2020-12-31,2020-09-30,2020-06-30,2020-03-31,2019-12-31,2019-09-30,2019-06-30,2019-03-31,2018-12-31,2018-09-30,2018-06-30,2018-03-31,2017-12-31,2017-09-30,2017-06-30,2017-03-31,2016-12-31,2016-09-30,2016-06-30,2016-03-31,2015-12-31,2015-09-30,2015-06-30,2015-03-31,2014-12-31,2014-09-30,2014-06-30,2014-03-31,2013-12-31,2013-09-30,2013-06-30,+36 Quarters
Revenue,13.77,14.65,14.86,13.51,11.94,13.24,12.41,12.88,12.17,13.41,12.45,12.45,12.9,14.19,14.85,10.57,14.93,21.37,14.56,16.05,14.82,15.01,14.35,13.75,13.47,13.91,13.99,11.85,13.99,14.47,14.11,13.68,13.79,19.16,13.04,10.75,10.8,20.77,11.66,11.14,Upgrade
Revenue Growth (YoY),15.26%,10.67%,19.73%,4.90%,-1.89%,-1.26%,-0.31%,3.48%,-5.61%,-5.48%,-16.18%,17.73%,-13.62%,-33.63%,2.01%,-34.14%,0.76%,42.39%,1.42%,16.73%,10.02%,7.91%,2.58%,16.03%,-3.70%,-3.85%,-0.85%,-13.36%,1.47%,-24.50%,8.27%,27.23%,27.66%,-7.71%,11.77%,-3.45%,-1.81%,-,29.88%,-14.13%,Upgrade
Gross Profit,13.77,14.65,14.86,13.51,11.94,13.24,12.41,12.88,12.17,13.41,12.45,12.45,12.9,14.19,14.85,10.57,14.93,21.37,14.56,16.05,14.82,15.01,14.35,13.75,13.47,13.91,13.99,11.85,13.99,14.47,14.11,13.68,13.79,19.16,13.04,10.75,10.8,20.77,11.66,11.14,Upgrade
"Selling, General & Admin",8.99,8.78,8.59,8.89,8.95,9.05,8.91,8.8,8.88,8.58,8.46,8.1,8.64,8.25,8.48,8.05,8.8,9.88,8,8.83,8.17,7.89,8.17,8.01,9.44,8.71,8,8.6,8.96,8.95,8.16,8.22,8.67,8.93,8.52,8.6,9.06,10.09,9.33,9.98,Upgrade
Other Operating Expenses,1.3,1.26,2.02,1.31,1.34,1.3,1.26,1.44,1.31,1.2,1.33,1.15,0.99,1.32,1.03,1.42,1.3,1.28,1.42,1.39,1.79,1.43,2.04,1.6,1.83,1.49,1.91,1.91,1.97,2.22,2.08,1.81,1.84,2.12,2.6,2.43,2.28,1.26,3.06,2.78,Upgrade
Operating Expenses,10.29,10.04,10.6,10.2,10.29,10.35,10.17,10.24,10.19,9.77,9.79,9.25,9.63,9.56,9.51,9.47,10.1,11.16,9.43,10.22,9.96,9.32,10.2,9.61,11.27,10.19,9.91,10.51,10.93,11.17,10.23,10.03,10.51,11.05,11.12,11.03,11.35,11.35,12.39,12.76,Upgrade
Operating Income,3.47,4.61,4.26,3.31,1.65,2.89,2.24,2.64,1.99,3.63,2.66,3.2,3.27,4.62,5.34,1.1,4.83,10.22,5.13,5.84,4.86,5.69,4.15,4.14,2.2,3.72,4.08,1.35,3.06,3.3,3.88,3.65,3.27,8.12,1.92,-0.28,-0.55,9.42,-0.73,-1.63,Upgrade
Other Expense / Income,-,-,-,-,-,-,-,-,-,-,-,-,-,-,-,-,-,-,-,-,-,-,-,-,-,-,-,-,-,-,-,-,-,4.83,-1.71,-1.7,-1.51,7.91,-1.77,-1.7,Upgrade
Pretax Income,3.47,4.61,4.26,3.31,1.65,2.89,2.24,2.64,1.99,3.63,2.66,3.2,3.27,4.62,5.34,1.1,4.83,10.22,5.13,5.84,4.86,5.69,4.15,4.14,2.2,3.72,4.08,1.35,3.06,3.3,3.88,3.65,3.27,3.28,3.63,1.43,0.96,1.51,1.04,0.08,Upgrade
Income Tax,0.84,1.17,1.04,0.74,0.39,0.52,0.6,0.71,0.52,1.19,0.71,0.85,0.85,1.23,1.42,0.29,1.28,2.8,1.4,1.21,1.3,4.7,0.59,1.57,0.32,1.46,1.57,0.51,1.15,1.18,1.53,1.42,1.29,-31.4,0.04,0.03,0.02,0,0,0,Upgrade
Net Income,2.63,3.44,3.22,2.57,1.27,2.37,1.64,1.93,1.47,2.45,1.95,2.35,2.42,3.39,3.92,0.81,3.55,7.42,3.74,4.63,3.56,0.99,3.56,2.57,1.88,2.26,2.51,0.83,1.9,2.12,2.35,2.22,1.99,34.68,3.59,1.4,0.94,1.51,1.04,0.08,Upgrade
Net Income Growth,107.65%,45.00%,95.92%,33.28%,-13.68%,-3.03%,-15.61%,-18.11%,-39.25%,-27.88%,-50.36%,191.45%,-31.91%,-54.29%,5.00%,-82.57%,-0.22%,648.34%,4.97%,80.02%,89.21%,-56.13%,41.95%,209.51%,-1.21%,6.76%,6.77%,-62.63%,-4.13%,-93.90%,-34.57%,58.40%,110.83%,2204.19%,245.52%,1747.37%,38.94%,-,-,-90.48%,Upgrade
Shares Outstanding (Basic),13,13,13,13,13,13,14,14,15,15,15,15,15,15,15,15,16,17,17,18,18,18,18,18,19,19,19,19,19,20,20,20,20,20,20,20,20,20,20,20,Upgrade
Shares Outstanding (Diluted),13,13,13,13,13,13,14,14,15,15,15,15,15,15,15,15,16,17,17,18,18,18,18,18,19,19,19,19,19,20,20,20,20,20,20,20,20,20,20,20,Upgrade
Shares Change,-3.65%,-2.99%,-4.82%,-8.79%,-10.32%,-10.32%,-7.54%,-3.64%,-3.17%,-3.64%,-3.46%,-3.19%,-6.15%,-8.77%,-11.47%,-12.26%,-9.64%,-6.66%,-4.27%,-3.80%,-3.84%,-4.40%,-3.45%,-4.18%,-4.03%,-4.21%,-4.78%,-4.41%,-4.12%,-2.77%,-2.49%,-0.73%,0.77%,0.73%,0.90%,0.85%,0.73%,0.73%,0.70%,0.65%,Upgrade
EPS (Basic),0.21,0.26,0.25,0.19,0.10,0.18,0.12,0.13,0.10,0.16,0.13,0.16,0.16,0.22,0.26,0.05,0.22,0.43,0.22,0.26,0.20,0.05,0.20,0.14,0.10,0.13,0.13,0.04,0.10,0.11,0.12,0.11,0.10,1.72,0.17,0.07,0.05,0.07,0.05,-,Upgrade
EPS (Diluted),0.21,0.26,0.25,0.19,0.10,0.18,0.12,0.13,0.10,0.16,0.13,0.16,0.16,0.22,0.26,0.05,0.22,0.43,0.22,0.26,0.20,0.05,0.20,0.14,0.10,0.12,0.13,0.04,0.10,0.11,0.12,0.11,0.10,1.72,0.17,0.07,0.05,0.07,0.05,-,Upgrade
EPS Growth,110.00%,44.44%,108.33%,46.15%,0%,12.50%,-7.69%,-18.75%,-37.50%,-27.27%,-50.00%,220.00%,-27.27%,-48.84%,18.18%,-80.77%,10.00%,760.00%,10.00%,85.71%,100.00%,-58.33%,53.85%,250.00%,0%,9.09%,8.33%,-63.64%,0%,-93.60%,-29.41%,57.14%,100.00%,2357.14%,240.00%,-,66.67%,-,-,-,Upgrade
Free Cash Flow Per Share,-0.20,0.64,0.33,0.24,-0.64,0.38,-0.08,0.15,-0.04,0.27,0.12,0.36,0.02,0.47,0.45,0.41,0.01,0.30,0.24,0.67,0.20,0.43,0.33,0.26,0.17,0.33,0.21,0.17,0.25,0.13,0.15,0.28,0.16,0.15,0.25,0.35,0.07,0.00,0.17,0.20,Upgrade
Dividend Per Share,0.100,0.200,0.100,0.100,0.100,0.100,0.100,0.100,0.100,0.100,0.100,0.100,0.100,0.100,0.100,0.100,0.100,0.100,0.100,0.090,0.080,0.080,0.070,0.070,0.060,0.060,0.050,0.050,0.050,0.040,0.040,0.040,0.040,0.030,0.040,0.010,-,0.020,-,0.020,Upgrade
Dividend Growth,0%,100.00%,0%,0%,0%,0%,0%,0%,0%,0%,0%,0%,0%,0%,0%,11.11%,25.00%,25.00%,42.86%,28.57%,33.33%,33.33%,40.00%,40.00%,20.00%,50.00%,25.00%,25.00%,25.00%,33.33%,0%,300.00%,-,50.00%,-,-50.00%,-,-,-,0%,Upgrade
Gross Margin,100.00%,100.00%,100.00%,100.00%,100.00%,100.00%,100.00%,100.00%,100.00%,100.00%,100.00%,100.00%,100.00%,100.00%,100.00%,100.00%,100.00%,100.00%,100.00%,100.00%,100.00%,100.00%,100.00%,100.00%,100.00%,100.00%,100.00%,100.00%,100.00%,100.00%,100.00%,100.00%,100.00%,100.00%,100.00%,100.00%,100.00%,100.00%,100.00%,100.00%,Upgrade
Operating Margin,25.23%,31.48%,28.66%,24.51%,13.85%,21.83%,18.08%,20.48%,16.31%,27.10%,21.38%,25.69%,25.34%,32.60%,35.97%,10.40%,32.36%,47.81%,35.26%,36.36%,32.79%,37.93%,28.94%,30.14%,16.36%,26.72%,29.16%,11.35%,21.86%,22.80%,27.50%,26.67%,23.74%,42.35%,14.71%,-2.56%,-5.08%,45.36%,-6.26%,-14.61%,Upgrade
Profit Margin,19.13%,23.47%,21.68%,19.00%,10.62%,17.91%,13.25%,14.95%,12.07%,18.24%,15.65%,18.90%,18.75%,23.90%,26.42%,7.63%,23.78%,34.70%,25.67%,28.84%,24.02%,6.60%,24.80%,18.70%,13.97%,16.24%,17.92%,7.01%,13.61%,14.63%,16.64%,16.26%,14.41%,180.95%,27.54%,13.06%,8.72%,7.25%,8.91%,0.68%,Upgrade
Free Cash Flow Margin,-18.83%,56.52%,28.99%,23.39%,-70.34%,38.24%,-8.91%,16.66%,-5.50%,30.21%,14.60%,42.91%,2.34%,50.66%,46.68%,59.71%,0.97%,24.00%,28.27%,73.23%,24.02%,51.46%,41.60%,34.34%,23.60%,43.51%,28.74%,27.32%,35.26%,17.01%,21.33%,41.13%,23.53%,16.36%,38.76%,66.55%,12.29%,0.43%,28.91%,36.42%,Upgrade
Effective Tax Rate,24.19%,25.46%,24.35%,22.47%,23.34%,17.96%,26.74%,26.99%,26.03%,32.72%,26.79%,26.43%,26.01%,26.69%,26.53%,26.64%,26.51%,27.43%,27.20%,20.68%,26.75%,82.59%,14.30%,37.93%,14.62%,39.23%,38.54%,38.22%,37.72%,35.86%,39.47%,39.04%,39.30%,-956.29%,0.99%,1.75%,1.77%,-,-,-,Upgrade
EBITDA,3.69,4.79,4.45,3.71,2.14,3.43,2.77,3.16,2.46,4.1,3.11,3.66,3.69,5.04,5.77,1.52,5.24,9.26,5.94,6.67,5.9,6.76,5.23,5.2,3.29,4.81,5.15,2.41,4.13,4.36,4.94,4.69,4.34,4.37,4.7,2.53,2.08,2.82,2.25,1.34,Upgrade
EBITDA Margin,26.80%,32.71%,29.96%,27.46%,17.94%,25.92%,22.34%,24.57%,20.22%,30.59%,24.96%,29.38%,28.57%,35.53%,38.86%,14.35%,35.12%,43.33%,40.78%,41.56%,39.80%,45.02%,36.46%,37.80%,24.43%,34.56%,36.83%,20.31%,29.54%,30.16%,34.97%,34.31%,31.48%,22.82%,36.06%,23.55%,19.26%,13.59%,19.31%,12.00%,Upgrade
Depreciation & Amortization,0.22,0.18,0.19,0.4,0.49,0.54,0.53,0.53,0.48,0.47,0.45,0.46,0.42,0.42,0.43,0.42,0.41,-0.96,0.8,0.83,1.04,1.07,1.08,1.05,1.09,1.09,1.07,1.06,1.08,1.06,1.06,1.05,1.07,1.09,1.08,1.1,1.12,1.32,1.21,1.26,Upgrade
EBIT,3.47,4.61,4.26,3.31,1.65,2.89,2.24,2.64,1.99,3.63,2.66,3.2,3.27,4.62,5.34,1.1,4.83,10.22,5.13,5.84,4.86,5.69,4.15,4.14,2.2,3.72,4.08,1.35,3.06,3.3,3.88,3.65,3.27,3.28,3.63,1.43,0.96,1.51,1.04,0.08,Upgrade
EBIT Margin,25.23%,31.48%,28.66%,24.51%,13.85%,21.83%,18.08%,20.48%,16.31%,27.10%,21.38%,25.69%,25.34%,32.60%,35.97%,10.40%,32.36%,47.81%,35.26%,36.36%,32.79%,37.93%,28.94%,30.14%,16.36%,26.72%,29.16%,11.35%,21.86%,22.80%,27.50%,26.67%,23.74%,17.13%,27.82%,13.29%,8.88%,7.25%,8.91%,0.68%,Upgrade
