Metrics,2023-03-31,2022-12-31,2022-09-30,2022-06-30,2022-03-31,2021-12-31,2021-09-30,2021-06-30,2021-03-31,2020-12-31,2020-09-30,2020-06-30,2020-03-31,2019-12-31,2019-09-30,2019-06-30,2019-03-31,2018-12-31,2018-09-30,2018-06-30,2018-03-31,2017-12-31,2017-09-30,2017-06-30,2017-03-31,2016-12-31,2016-09-30,2016-06-30,2016-03-31,2015-12-31,2015-09-30,2015-06-30,2015-03-31,2014-12-31,2014-09-30,2014-06-30,2014-03-31,2013-12-31,2013-09-30,2013-06-30,+69 Quarters
Revenue,116.75,119.37,114.87,105.29,106.08,110.33,105.88,99.25,103.13,100.29,96.49,85.89,79.73,101.21,101,98.81,92.22,82.95,81.87,80.92,81.24,83.8,75.28,61.93,61.53,62.14,62.93,55.43,43.79,44.91,43.98,43.97,42.14,40.83,40.12,39.03,38.54,38.03,38.86,39.03,Upgrade
Revenue Growth (YoY),10.06%,8.19%,8.49%,6.09%,2.86%,10.01%,9.74%,15.56%,29.35%,-0.90%,-4.47%,-13.08%,-13.54%,22.01%,23.37%,22.11%,13.52%,-1.01%,8.75%,30.66%,32.03%,34.86%,19.64%,11.72%,40.51%,38.34%,43.07%,26.05%,3.92%,10.01%,9.64%,12.66%,9.32%,7.34%,3.22%,0.01%,-1.74%,-4.30%,3.27%,6.80%,Upgrade
Gross Profit,116.75,119.37,114.87,105.29,106.08,110.33,105.88,99.25,103.13,100.29,96.49,85.89,79.73,101.21,101,98.81,92.22,82.95,81.87,80.92,81.24,83.8,75.28,61.93,61.53,62.14,62.93,55.43,43.79,44.91,43.98,43.97,42.14,40.83,40.12,39.03,38.54,38.03,38.86,39.03,Upgrade
"Selling, General & Admin",52.48,54.05,51.71,50.25,51.43,49.81,56.74,46.02,41.25,41.79,43.36,39.59,45.56,48.96,50.92,46.75,43.04,36.87,35.52,34.98,38.9,39.32,36.11,27.54,30.29,31.46,32.19,28.77,22.44,22.13,22.82,23.05,24.48,22.88,21.29,21.36,21.96,22.16,22,22.24,Upgrade
Other Operating Expenses,17.92,19.63,19.02,18.84,18.95,21.36,16.75,16.61,13.25,22.28,13.19,13.48,14.95,16.53,17.2,21.27,14.12,11.9,10.41,12.32,12.14,13.78,10.83,9.23,7.33,12.95,7.23,7.58,5.25,6.23,5.13,5.4,6.07,5.59,5.01,5.46,4.66,5.42,5.36,5.56,Upgrade
Operating Expenses,70.4,73.68,70.74,69.09,70.38,71.17,73.49,62.63,54.5,64.07,56.54,53.07,60.51,65.49,68.12,68.02,57.16,48.77,45.93,47.31,51.04,53.1,46.94,36.77,37.62,44.41,39.42,36.35,27.69,28.36,27.95,28.45,30.55,28.47,26.3,26.82,26.62,27.59,27.36,27.8,Upgrade
Operating Income,46.35,45.69,44.14,36.2,35.71,39.16,32.4,36.63,48.64,36.22,39.95,32.82,19.22,35.72,32.88,30.79,35.05,34.18,35.94,33.61,30.2,30.7,28.35,25.16,23.91,17.73,23.51,19.08,16.1,16.55,16.03,15.53,11.59,12.36,13.82,12.21,11.93,10.45,11.51,11.23,Upgrade
Pretax Income,46.35,45.69,44.14,36.2,35.71,39.16,32.4,36.63,48.64,36.22,39.95,32.82,19.22,35.72,32.88,30.79,35.05,34.18,35.94,33.61,30.2,30.7,28.35,25.16,23.91,17.73,23.51,19.08,16.1,16.55,16.03,15.53,11.59,12.36,13.82,12.21,11.93,10.45,11.51,11.23,Upgrade
Income Tax,9.56,11.31,8.48,6.38,7.27,9.24,6.46,6.86,10.82,7.88,9.12,7.01,3.86,7.15,8.05,6.7,9.59,8.89,9.08,8.75,8.28,18.41,9.56,8.68,8.74,6.27,8.09,6.7,5.67,5.87,5.41,5.59,3.83,4.76,4.71,4.03,4.04,3.53,3.57,3.79,Upgrade
Net Income,36.79,34.39,35.66,29.82,28.44,29.93,25.94,29.77,37.82,28.35,30.83,25.81,15.36,28.57,24.83,24.09,25.47,25.29,26.86,24.86,21.92,12.29,18.78,16.48,15.17,11.46,15.42,12.38,10.43,10.68,10.63,9.94,7.76,7.59,9.11,8.19,7.89,6.92,7.93,7.44,Upgrade
Preferred Dividends,0,0,0,0,0,0,0,0,0,0,0,0,0,0,0,0,0,0,0,0,0,0,0,0,0,0,0,0,0,0.16,0.18,0.18,0.18,0.18,0.18,0.18,0.18,0.91,0.91,0.91,Upgrade
Net Income Common,36.79,34.39,35.66,29.82,28.44,29.93,25.94,29.77,37.82,28.35,30.83,25.81,15.36,28.57,24.83,24.09,25.47,25.29,26.86,24.86,21.92,12.29,18.78,16.48,15.17,11.46,15.42,12.38,10.43,10.53,10.44,9.76,7.58,7.41,8.93,8,7.71,6.01,7.02,6.53,Upgrade
Net Income Growth,29.35%,14.91%,37.47%,0.19%,-24.80%,5.58%,-15.86%,15.35%,146.13%,-0.79%,24.17%,7.15%,-39.68%,12.97%,-7.56%,-3.13%,16.21%,105.73%,42.99%,50.87%,44.48%,7.32%,21.80%,33.08%,45.39%,8.81%,47.66%,26.94%,37.67%,42.06%,16.99%,21.88%,-1.64%,23.27%,27.09%,22.54%,39.46%,49.96%,75.60%,64.12%,Upgrade
Shares Outstanding (Basic),55,55,55,55,55,56,56,54,54,55,55,54,55,55,55,56,56,49,49,49,49,49,45,38,38,38,38,38,29,29,29,29,29,29,29,29,29,29,29,29,Upgrade
Shares Change,-0.00%,-0.78%,-1.87%,1.84%,1.63%,2.10%,3.21%,-0.22%,-0.25%,-0.95%,-1.57%,-2.20%,-1.90%,12.66%,13.55%,14.16%,14.19%,0.46%,7.32%,27.40%,27.36%,27.29%,18.96%,0.26%,33.24%,33.16%,31.63%,31.69%,-0.90%,-0.89%,0.28%,0.09%,0.07%,0.10%,0.15%,0.15%,0.15%,0.14%,0.08%,0.08%,Upgrade
EPS (Basic),0.66,0.62,0.64,0.54,0.51,0.54,0.46,0.54,0.69,0.52,0.56,0.47,0.28,0.52,0.45,0.43,0.48,0.51,0.55,0.51,0.45,0.23,0.41,0.43,0.40,0.30,0.40,0.36,0.36,0.36,0.36,0.34,0.26,0.26,0.31,0.27,0.27,0.21,0.24,0.24,Upgrade
EPS (Diluted),0.65,0.62,0.64,0.53,0.51,0.53,0.46,0.53,0.69,0.52,0.56,0.47,0.28,0.52,0.45,0.43,0.48,0.51,0.55,0.51,0.45,0.22,0.41,0.43,0.39,0.29,0.40,0.35,0.36,0.37,0.36,0.33,0.26,0.25,0.31,0.27,0.27,0.20,0.24,0.24,Upgrade
EPS Growth,27.45%,16.98%,39.13%,0%,-26.09%,1.92%,-17.86%,12.77%,146.43%,0%,24.44%,9.30%,-41.67%,1.96%,-18.18%,-15.69%,6.67%,131.82%,34.15%,18.60%,15.38%,-24.14%,2.50%,22.86%,8.33%,-21.62%,11.11%,6.06%,38.46%,48.00%,16.13%,22.22%,-3.70%,25.00%,29.17%,12.50%,50.00%,33.33%,60.00%,100.00%,Upgrade
Free Cash Flow Per Share,0.78,0.85,0.80,0.56,0.78,1.06,0.41,0.70,0.81,1.11,0.85,0.65,0.31,0.61,0.19,-0.07,0.63,1.12,0.69,0.29,1.83,1.48,0.86,-1.43,4.83,0.26,0.63,-1.77,0.20,0.77,0.75,0.38,0.10,0.73,0.79,0.14,0.56,0.72,1.36,0.52,Upgrade
Dividend Per Share,0.240,0.230,0.230,0.230,0.230,0.230,0.230,0.230,0.230,0.220,0.220,0.220,0.220,0.210,0.210,0.210,0.210,0.200,0.200,0.200,0.200,0.180,0.180,0.180,0.180,0.170,0.170,0.170,0.170,0.170,0.150,0.150,0.150,0.150,0.150,0.150,0.120,0.120,0.120,0.120,Upgrade
Dividend Growth,4.35%,0%,0%,0%,0%,4.55%,4.55%,4.55%,4.55%,4.76%,4.76%,4.76%,4.76%,5.00%,5.00%,5.00%,5.00%,11.11%,11.11%,11.11%,11.11%,5.88%,5.88%,5.88%,5.88%,0%,13.33%,13.33%,13.33%,13.33%,0%,0%,25.00%,25.00%,25.00%,25.00%,-,-66.67%,0%,0%,Upgrade
Gross Margin,100.00%,100.00%,100.00%,100.00%,100.00%,100.00%,100.00%,100.00%,100.00%,100.00%,100.00%,100.00%,100.00%,100.00%,100.00%,100.00%,100.00%,100.00%,100.00%,100.00%,100.00%,100.00%,100.00%,100.00%,100.00%,100.00%,100.00%,100.00%,100.00%,100.00%,100.00%,100.00%,100.00%,100.00%,100.00%,100.00%,100.00%,100.00%,100.00%,100.00%,Upgrade
Operating Margin,39.70%,38.28%,38.42%,34.38%,33.66%,35.50%,30.60%,36.90%,47.16%,36.11%,41.40%,38.21%,24.11%,35.29%,32.55%,31.16%,38.01%,41.21%,43.90%,41.54%,37.17%,36.63%,37.65%,40.63%,38.86%,28.53%,37.36%,34.42%,36.77%,36.85%,36.45%,35.31%,27.50%,30.27%,34.44%,31.28%,30.94%,27.47%,29.60%,28.77%,Upgrade
Profit Margin,31.51%,28.81%,31.04%,28.32%,26.81%,27.12%,24.50%,29.99%,36.67%,28.26%,31.95%,30.05%,19.27%,28.23%,24.58%,24.38%,27.62%,30.49%,32.81%,30.73%,26.98%,14.67%,24.95%,26.61%,24.66%,18.44%,24.51%,22.34%,23.83%,23.44%,23.74%,22.18%,17.99%,18.15%,22.25%,20.51%,19.99%,15.81%,18.07%,16.74%,Upgrade
Free Cash Flow Margin,37.00%,39.48%,38.40%,29.44%,40.61%,53.75%,21.72%,38.31%,42.62%,60.55%,48.25%,41.21%,21.45%,33.14%,10.42%,-3.78%,38.15%,65.73%,40.99%,17.32%,109.75%,85.88%,51.73%,-88.53%,299.90%,16.25%,38.52%,-121.76%,13.15%,49.02%,49.32%,25.25%,6.85%,51.84%,57.25%,10.51%,41.97%,54.84%,101.27%,38.69%,Upgrade
Effective Tax Rate,20.63%,24.74%,19.21%,17.62%,20.35%,23.59%,19.93%,18.73%,22.25%,21.74%,22.83%,21.37%,20.06%,20.01%,24.49%,21.77%,27.34%,26.01%,25.27%,26.03%,27.42%,59.96%,33.73%,34.50%,36.55%,35.37%,34.41%,35.10%,35.19%,35.45%,33.73%,36.02%,33.03%,38.55%,34.07%,32.96%,33.86%,33.77%,31.05%,33.73%,Upgrade
EBITDA,52.2,51.72,50.46,42.76,42.45,46.22,39.8,43.52,55.46,43.28,46.82,39.84,26.22,42.23,39.11,36.88,40.37,38.36,40.19,38.22,34.09,36.31,31.85,28.26,27.06,20.97,26.91,22,18.27,18.79,18.28,17.77,13.75,14.39,15.94,14.36,14.07,12.55,13.64,13.4,Upgrade
EBITDA Margin,44.71%,43.33%,43.93%,40.61%,40.02%,41.89%,37.59%,43.85%,53.77%,43.16%,48.52%,46.38%,32.88%,41.72%,38.72%,37.32%,43.78%,46.25%,49.09%,47.24%,41.97%,43.33%,42.31%,45.63%,43.99%,33.75%,42.76%,39.69%,41.73%,41.83%,41.57%,40.41%,32.64%,35.25%,39.75%,36.79%,36.49%,33.00%,35.08%,34.34%,Upgrade
Depreciation & Amortization,5.85,6.03,6.32,6.55,6.75,7.05,7.4,6.9,6.83,7.06,6.87,7.02,7,6.51,6.23,6.09,5.31,4.18,4.25,4.61,3.9,5.61,3.51,3.1,3.16,3.25,3.39,2.92,2.17,2.24,2.25,2.24,2.16,2.04,2.13,2.15,2.14,2.1,2.13,2.18,Upgrade
EBIT,46.35,45.69,44.14,36.2,35.71,39.16,32.4,36.63,48.64,36.22,39.95,32.82,19.22,35.72,32.88,30.79,35.05,34.18,35.94,33.61,30.2,30.7,28.35,25.16,23.91,17.73,23.51,19.08,16.1,16.55,16.03,15.53,11.59,12.36,13.82,12.21,11.93,10.45,11.51,11.23,Upgrade
EBIT Margin,39.70%,38.28%,38.42%,34.38%,33.66%,35.50%,30.60%,36.90%,47.16%,36.11%,41.40%,38.21%,24.11%,35.29%,32.55%,31.16%,38.01%,41.21%,43.90%,41.54%,37.17%,36.63%,37.65%,40.63%,38.86%,28.53%,37.36%,34.42%,36.77%,36.85%,36.45%,35.31%,27.50%,30.27%,34.44%,31.28%,30.94%,27.47%,29.60%,28.77%,Upgrade
