Metrics,2023-03-31,2022-12-31,2022-09-30,2022-06-30,2022-03-31,2021-12-31,2021-09-30,2021-06-30,2021-03-31,2020-12-31,2020-09-30,2020-06-30,2020-03-31,2019-12-31,2019-09-30,2019-06-30,2019-03-31,2018-12-31,2018-09-30,2018-06-30,2018-03-31,2017-12-31,2017-09-30,2017-06-30,2017-03-31,2016-12-31,2016-09-30,2016-06-30,2016-03-31,2015-12-31,2015-09-30,2015-06-30,2015-03-31,2014-12-31,2014-09-30,2014-06-30,2014-03-31,2013-12-31,2013-09-30,2013-06-30,+70 Quarters
Revenue,42.14,46.3,45,45.33,47.27,47.67,44.91,48.25,49.54,49.53,46.19,37.2,41.45,43.97,41.93,40.44,40.54,41.06,40.46,38,38.2,39.26,38.64,37.11,35.85,38.14,38.09,36.2,35,33.88,26.29,26.69,25.14,24.91,24.78,25.11,23.6,26.97,24.52,24.93,Upgrade
Revenue Growth (YoY),-10.83%,-2.87%,0.22%,-6.06%,-4.58%,-3.77%,-2.78%,29.71%,19.49%,12.65%,10.15%,-8.00%,2.25%,7.10%,3.64%,6.42%,6.12%,4.58%,4.71%,2.39%,6.57%,2.94%,1.44%,2.51%,2.43%,12.58%,44.88%,35.64%,39.24%,35.99%,6.09%,6.30%,6.50%,-7.63%,1.09%,0.71%,-4.95%,8.55%,8.40%,7.07%,Upgrade
Gross Profit,42.14,46.3,45,45.33,47.27,47.67,44.91,48.25,49.54,49.53,46.19,37.2,41.45,43.97,41.93,40.44,40.54,41.06,40.46,38,38.2,39.26,38.64,37.11,35.85,38.14,38.09,36.2,35,33.88,26.29,26.69,25.14,24.91,24.78,25.11,23.6,26.97,24.52,24.93,Upgrade
"Selling, General & Admin",20.92,21.49,21.73,21.7,21.79,21.56,21.49,21.07,20.36,22.18,19.51,19.52,19.9,20.03,18.91,18.8,18.39,18.37,18.29,18.02,17.83,17.92,16.89,17.15,17.05,16.38,16.82,17.15,16.78,16.88,12.06,12.3,12.36,12.22,11.43,12.1,11.67,11.97,11.53,11.88,Upgrade
Other Operating Expenses,5.25,5.51,5.36,4.85,4.42,5.41,4.78,4.52,4.54,4.51,5.71,3.99,4.66,4.79,4.83,5.16,4.4,5.21,4.88,4.88,4.48,5.18,4.94,5,4.38,6.13,5.33,5.18,6.13,14.59,4.65,3.86,4.44,4.08,3.75,3.7,3.46,7.02,3.67,3.76,Upgrade
Operating Expenses,26.17,26.99,27.09,26.56,26.21,26.97,26.26,25.59,24.9,26.69,25.22,23.51,24.56,24.81,23.75,23.96,22.78,23.58,23.17,22.9,22.3,23.1,21.83,22.16,21.43,22.51,22.15,22.33,22.91,31.47,16.71,16.16,16.8,16.3,15.18,15.79,15.13,18.99,15.2,15.65,Upgrade
Operating Income,15.98,19.31,17.91,18.77,21.06,20.7,18.64,22.66,24.64,22.84,20.97,13.69,16.89,19.16,18.18,16.48,17.76,17.48,17.3,15.1,15.9,16.16,16.82,14.96,14.42,15.63,15.95,13.87,12.09,2.41,9.58,10.53,8.33,8.61,9.61,9.32,8.48,7.98,9.32,9.28,Upgrade
Pretax Income,15.98,19.31,17.91,18.77,21.06,20.7,18.64,22.66,24.64,22.84,20.97,13.69,16.89,19.16,18.18,16.48,17.76,17.48,17.3,15.1,15.9,16.16,16.82,14.96,14.42,15.63,15.95,13.87,12.09,2.41,9.58,10.53,8.33,8.61,9.61,9.32,8.48,7.98,9.32,9.28,Upgrade
Income Tax,3.25,3.95,3.65,3.75,4.26,4.21,4,4.52,4.9,4.56,4.19,2.75,3.4,3.92,3.7,3.28,3.48,3.5,3.24,2.89,3.08,19.34,5.48,4.72,4.34,4.73,5.04,4.26,3.44,0.72,3.13,3.34,2.72,2.52,3.15,3,2.76,3.56,2.95,2.95,Upgrade
Net Income,12.73,15.35,14.27,15.03,16.8,16.49,14.64,18.14,19.74,18.28,16.78,10.94,13.49,15.24,14.49,13.2,14.27,13.98,14.06,12.22,12.82,-3.17,11.34,10.23,10.08,10.9,10.9,9.62,8.65,1.69,6.46,7.19,5.61,6.09,6.45,6.32,5.72,4.42,6.37,6.33,Upgrade
Net Income Growth,-24.22%,-6.91%,-2.55%,-17.18%,-14.92%,-9.78%,-12.73%,65.84%,46.30%,19.95%,15.79%,-17.15%,-5.46%,9.02%,3.07%,8.08%,11.33%,-,23.97%,19.38%,27.23%,-,4.00%,6.43%,16.54%,544.33%,68.88%,33.69%,54.09%,-72.21%,0.08%,13.89%,-1.82%,37.61%,1.34%,-0.24%,0.94%,5.89%,1.77%,-1.26%,Upgrade
Shares Outstanding (Basic),15,15,15,15,15,15,15,15,15,15,15,15,15,15,15,16,16,16,16,16,16,16,16,16,15,15,15,15,15,12,11,11,11,11,11,11,11,11,11,11,Upgrade
Shares Outstanding (Diluted),15,15,15,15,15,15,15,15,15,15,15,15,15,15,15,16,16,16,16,16,16,16,16,16,16,16,16,15,15,12,11,11,11,11,11,11,11,11,11,11,Upgrade
Shares Change,-1.29%,-1.86%,-2.16%,-2.02%,-1.15%,-0.44%,-0.01%,0.07%,-1.01%,-1.86%,-2.48%,-3.61%,-3.11%,-2.53%,-1.64%,-0.45%,0.20%,0.18%,0.32%,0.28%,0.22%,0.30%,0.53%,0.62%,0.71%,28.92%,38.26%,38.30%,38.27%,8.13%,0.50%,0.22%,-1.30%,-2.78%,-2.95%,-2.63%,-1.20%,0.28%,0.35%,-0.46%,Upgrade
EPS (Basic),0.87,1.05,0.97,1.02,1.14,1.11,0.98,1.21,1.32,1.22,1.12,0.73,0.89,1.00,0.94,0.85,0.91,0.90,0.90,0.78,0.82,-0.20,0.72,0.66,0.65,0.71,0.70,0.62,0.56,0.01,0.58,0.65,0.50,0.54,0.58,0.57,0.51,0.39,0.55,0.55,Upgrade
EPS (Diluted),0.87,1.05,0.97,1.02,1.13,1.11,0.97,1.21,1.31,1.22,1.11,0.73,0.89,0.99,0.94,0.85,0.91,0.89,0.90,0.78,0.82,-0.20,0.72,0.66,0.64,0.69,0.70,0.62,0.56,0.02,0.57,0.64,0.50,0.55,0.57,0.57,0.50,0.39,0.55,0.55,Upgrade
EPS Growth,-23.01%,-5.41%,0%,-15.70%,-13.74%,-9.02%,-12.61%,65.75%,47.19%,23.23%,18.09%,-14.12%,-2.20%,11.24%,4.44%,8.97%,10.98%,-,25.00%,18.18%,28.13%,-,2.86%,6.45%,14.29%,3350.00%,22.81%,-3.13%,12.00%,-96.36%,-0.52%,12.87%,0%,42.12%,3.62%,3.66%,1.42%,5.45%,1.10%,-1.08%,Upgrade
Free Cash Flow Per Share,0.96,1.35,1.04,1.79,2.87,2.07,1.79,1.45,4.14,1.60,0.88,0.84,-2.27,1.85,0.57,-0.13,-0.40,0.56,1.36,0.88,1.06,1.00,0.49,0.49,1.61,1.57,0.99,0.79,0.27,-0.60,0.57,0.54,0.68,0.66,0.65,0.71,0.54,0.74,0.60,0.54,Upgrade
Dividend Per Share,0.420,0.400,0.400,0.400,0.400,0.360,0.360,0.360,0.330,0.330,0.330,0.330,0.330,0.300,0.300,0.300,0.300,0.300,0.300,0.250,0.250,0.230,0.230,0.230,0.230,0.200,0.200,0.200,0.200,0.200,0.200,0.200,0.200,0.180,0.180,0.180,0.180,0.180,0.180,0.180,Upgrade
Dividend Growth,5.00%,11.11%,11.11%,11.11%,21.21%,9.09%,9.09%,9.09%,0%,10.00%,10.00%,10.00%,10.00%,0%,0%,20.00%,20.00%,30.43%,30.43%,8.70%,8.70%,15.00%,15.00%,15.00%,15.00%,0%,0%,0%,0%,11.11%,11.11%,11.11%,11.11%,0%,0%,0%,7.78%,7.78%,7.78%,7.78%,Upgrade
Gross Margin,100.00%,100.00%,100.00%,100.00%,100.00%,100.00%,100.00%,100.00%,100.00%,100.00%,100.00%,100.00%,100.00%,100.00%,100.00%,100.00%,100.00%,100.00%,100.00%,100.00%,100.00%,100.00%,100.00%,100.00%,100.00%,100.00%,100.00%,100.00%,100.00%,100.00%,100.00%,100.00%,100.00%,100.00%,100.00%,100.00%,100.00%,100.00%,100.00%,100.00%,Upgrade
Operating Margin,37.92%,41.70%,39.80%,41.42%,44.55%,43.43%,41.52%,46.97%,49.73%,46.11%,45.40%,36.81%,40.75%,43.57%,43.37%,40.75%,43.80%,42.57%,42.74%,39.75%,41.62%,41.17%,43.52%,40.30%,40.23%,40.99%,41.86%,38.32%,34.54%,7.11%,36.45%,39.47%,33.16%,34.57%,38.75%,37.11%,35.92%,29.60%,38.01%,37.23%,Upgrade
Profit Margin,30.20%,33.16%,31.70%,33.15%,35.53%,34.60%,32.60%,37.60%,39.85%,36.90%,36.32%,29.41%,32.55%,34.65%,34.55%,32.65%,35.21%,34.04%,34.74%,32.15%,33.56%,-8.08%,29.34%,27.58%,28.11%,28.58%,28.62%,26.56%,24.70%,4.99%,24.55%,26.95%,22.32%,24.44%,26.03%,25.15%,24.21%,16.40%,25.97%,25.39%,Upgrade
Free Cash Flow Margin,33.27%,42.41%,33.93%,57.81%,89.62%,64.51%,59.64%,44.75%,124.64%,48.10%,28.63%,33.68%,-82.69%,63.98%,20.69%,-4.89%,-15.36%,21.06%,52.36%,36.23%,43.09%,39.42%,19.63%,20.48%,69.65%,63.58%,40.20%,33.61%,11.74%,-21.33%,24.40%,22.46%,30.01%,29.27%,29.08%,31.64%,25.96%,31.29%,28.25%,25.01%,Upgrade
Effective Tax Rate,20.35%,20.48%,20.35%,19.96%,20.24%,20.33%,21.47%,19.94%,19.87%,19.98%,20.00%,20.10%,20.13%,20.47%,20.33%,19.87%,19.62%,20.04%,18.72%,19.11%,19.37%,119.63%,32.57%,31.57%,30.12%,30.26%,31.62%,30.69%,28.47%,29.73%,32.63%,31.72%,32.67%,29.30%,32.84%,32.21%,32.58%,44.59%,31.68%,31.80%,Upgrade
EBITDA,17.4,20.87,19.73,20.6,23.17,23.11,21.1,25.32,27.53,25.51,23.29,15.63,18.6,21.01,19.6,18.35,19.52,18.63,19.28,17.05,17.78,18.3,19.03,17.12,16.59,17.94,18.29,16.13,14.64,6.58,10.56,11.5,9.39,10.23,11.1,10.54,10.12,9.4,10.85,11.01,Upgrade
EBITDA Margin,41.28%,45.08%,43.84%,45.44%,49.03%,48.49%,46.99%,52.48%,55.58%,51.50%,50.42%,42.01%,44.88%,47.78%,46.74%,45.37%,48.14%,45.38%,47.66%,44.86%,46.55%,46.61%,49.26%,46.13%,46.29%,47.03%,48.02%,44.56%,41.84%,19.42%,40.14%,43.10%,37.34%,41.08%,44.80%,41.97%,42.87%,34.84%,44.27%,44.15%,Upgrade
Depreciation & Amortization,1.42,1.57,1.82,1.82,2.12,2.41,2.46,2.66,2.9,2.67,2.32,1.94,1.71,1.85,1.41,1.87,1.76,1.15,1.99,1.94,1.88,2.14,2.22,2.17,2.17,2.31,2.35,2.26,2.56,4.17,0.97,0.97,1.05,1.62,1.5,1.22,1.64,1.41,1.54,1.73,Upgrade
EBIT,15.98,19.31,17.91,18.77,21.06,20.7,18.64,22.66,24.64,22.84,20.97,13.69,16.89,19.16,18.18,16.48,17.76,17.48,17.3,15.1,15.9,16.16,16.82,14.96,14.42,15.63,15.95,13.87,12.09,2.41,9.58,10.53,8.33,8.61,9.61,9.32,8.48,7.98,9.32,9.28,Upgrade
EBIT Margin,37.92%,41.70%,39.80%,41.42%,44.55%,43.43%,41.52%,46.97%,49.73%,46.11%,45.40%,36.81%,40.75%,43.57%,43.37%,40.75%,43.80%,42.57%,42.74%,39.75%,41.62%,41.17%,43.52%,40.30%,40.23%,40.99%,41.86%,38.32%,34.54%,7.11%,36.45%,39.47%,33.16%,34.57%,38.75%,37.11%,35.92%,29.60%,38.01%,37.23%,Upgrade
