Metrics,2023-03-31,2022-12-31,2022-09-30,2022-06-30,2022-03-31,2021-12-31,2021-09-30,2021-06-30,2021-03-31,2020-12-31,2020-09-30,2020-06-30,2020-03-31,2019-12-31,2019-09-30,2019-06-30,2019-03-31,2018-12-31,2018-09-30,2018-06-30,2018-03-31,2017-12-31,2017-09-30,2017-06-30,2017-03-31,2016-12-31,2016-09-30,2016-06-30,2016-03-31,2015-12-31,2015-09-30,2015-06-30,2015-03-31,2014-12-31,2014-09-30,2014-06-30,2014-03-31,2013-12-31,2013-09-30,2013-06-30
Revenue,58.38,56.04,59.14,44.57,47.51,43.97,43.76,42.66,40.85,43.51,42.78,45.28,50.55,53.47,55.78,56.87,55.19,56.31,51.28,52.45,47.48,49.51,42.65,38.74,34.1,33.16,28.96,25.75,23.11,20.69,19.6,15.93,12.98,5.89,10.52,9.94,6.63,3.8,1.15,0.02
Revenue Growth (YoY),22.87%,27.44%,35.15%,4.48%,16.31%,1.05%,2.29%,-5.78%,-19.18%,-18.61%,-23.30%,-20.38%,-8.41%,-5.05%,8.77%,8.42%,16.22%,13.74%,20.24%,35.38%,39.25%,49.32%,47.28%,50.47%,47.55%,60.29%,47.73%,61.68%,78.06%,251.49%,86.29%,60.15%,95.67%,54.71%,818.95%,49620.00%,-,-,-,-
Cost of Revenue,12.71,12.66,13.71,11.57,12.28,11.81,11.75,11.41,11.06,11.54,11.46,11.73,12.47,13.09,13.73,13.85,13.53,13.83,12.99,13.25,12.55,13.1,9.99,9.13,8.19,8.16,7.09,6.26,5.75,5.28,5.04,4.04,3.44,1.81,2.42,2.12,1.6,0.45,2.15,0.02
Gross Profit,45.67,43.38,45.43,33,35.23,32.17,32.01,31.25,29.79,31.97,31.33,33.54,38.07,40.38,42.05,43.02,41.66,42.48,38.29,39.2,34.93,36.41,32.66,29.61,25.91,25,21.86,19.49,17.36,15.41,14.57,11.89,9.54,4.07,8.1,7.83,5.03,3.36,-1.01,-0
"Selling, General & Admin",1.27,1.49,1.42,1.32,1.34,1.34,1.41,1.53,1.21,1.33,1.52,1.25,1.17,1.35,1.11,1.12,1.26,1.24,1.44,1.49,1.27,1.42,0.95,1.73,0.92,0.98,1.1,1.14,1.05,0.98,0.9,1.18,0.74,1.01,0.67,0.91,0.86,0.7,0.93,0.79
Other Operating Expenses,0.55,1.15,0.92,0.64,0.76,0.64,0.56,0.51,0.41,0.17,0.55,0.37,0.16,0.33,0.11,0.23,0.28,0.31,0.21,0.22,0.2,0.23,0.18,0.17,0.34,0.25,0.18,0.2,0.15,0.14,0.15,0.19,0.11,0.07,0.08,0.22,0.26,0.16,0.3,1.62
Operating Expenses,1.82,2.64,2.34,1.96,2.1,1.97,1.97,2.05,1.62,1.5,2.08,1.62,1.33,1.68,1.22,1.35,1.54,1.56,1.65,1.7,1.46,1.65,1.14,1.9,1.26,1.23,1.28,1.34,1.2,1.13,1.05,1.37,0.86,1.08,0.75,1.13,1.11,0.86,1.23,2.41
Operating Income,43.85,40.74,43.09,31.04,33.14,30.19,30.04,29.2,28.17,30.47,29.25,31.92,36.74,38.7,40.84,41.67,40.12,40.92,36.64,37.5,33.47,34.76,31.52,27.72,24.64,23.77,20.58,18.15,16.16,14.28,13.51,10.52,8.69,3,7.35,6.7,3.92,2.5,-2.24,-2.41
Interest Expense / Income,17.28,16.79,11.49,8.58,7.62,9.2,7.52,7.06,6.98,10.67,7.29,9.44,12.18,12.03,13.54,13.03,11.99,10.91,10.37,8.71,7.82,7.82,5.92,5.74,5.03,4.99,4.05,3.83,3.6,3.02,2.66,2.13,1.78,1.53,1.14,0.63,0.35,0.27,0.08,0
Other Expense / Income,-1.42,11.49,-6.23,17.79,-5.16,-12.97,-25.1,-20.73,-14.71,-18.36,-11.65,-33.68,145.66,-0.16,36.29,18.89,-5.6,31.18,20.19,15.69,4.57,-0.04,0.06,6.48,3.44,1.39,-12.64,-11.63,15.27,21.25,1.2,-0.82,-2.88,5.4,5.28,1.47,-0.45,0.47,-1.15,0.1
Pretax Income,27.99,12.46,37.83,4.67,30.68,33.96,47.62,42.87,35.9,38.16,33.61,56.16,-121.1,26.84,-8.99,9.76,33.73,-1.16,6.08,13.11,21.09,26.98,25.54,15.5,16.17,17.4,29.17,25.95,-2.71,-9.98,9.65,9.22,9.79,-3.93,0.94,4.59,4.02,1.76,-1.17,-2.51
Net Income,27.99,12.46,37.83,4.67,30.68,33.96,47.62,42.87,35.9,38.16,33.61,56.16,-121.1,26.84,-8.99,9.76,33.73,-1.16,6.08,13.11,21.09,26.98,25.54,15.5,16.17,17.4,29.17,25.95,-2.71,-9.98,9.65,9.22,9.79,-3.93,0.94,4.59,4.02,1.76,-1.17,-2.51
Preferred Dividends,0.88,0.88,0.88,0.88,0.88,0.88,0.88,0.88,0.88,0.87,0.86,0.55,0,0,0,0,0,0,0,0,0,0,0,0,0,0,0,0,0,0,0,0,0,0,0,0,0,0,0,0
Net Income Common,27.11,11.58,36.96,3.79,29.81,33.09,46.75,41.99,35.03,37.3,32.75,55.6,-121.1,26.84,-8.99,9.76,33.73,-1.16,6.08,13.11,21.09,26.98,25.54,15.5,16.17,17.4,29.17,25.95,-2.71,-9.98,9.65,9.22,9.79,-3.93,0.94,4.59,4.02,1.76,-1.17,-2.51
Net Income Growth,-9.04%,-64.99%,-20.94%,-90.97%,-14.90%,-11.29%,42.72%,-24.48%,-,38.98%,-,469.89%,-,-,-,-25.55%,59.92%,-,-76.20%,-15.45%,30.40%,55.11%,-12.43%,-40.27%,-,-,202.19%,181.62%,-,-,930.20%,100.68%,143.73%,-,-,-,-,-,-,-
Shares Outstanding (Basic),51,51,52,52,53,53,54,55,55,56,56,56,57,59,60,61,62,62,63,63,63,62,62,46,42,41,37,34,32,29,27,23,20,13,13,13,11,3,4,0
Shares Outstanding (Diluted),56,57,57,52,58,59,59,60,60,56,62,60,57,59,60,61,62,62,63,63,63,62,62,46,42,41,37,34,32,29,27,23,20,13,13,13,11,3,4,0
Shares Change,-3.27%,-3.36%,-3.46%,-12.35%,-3.50%,5.04%,-3.80%,0.43%,5.59%,-4.87%,3.33%,-1.73%,-7.54%,-5.87%,-4.76%,-3.15%,-1.17%,0.41%,1.18%,36.08%,49.87%,52.78%,64.95%,33.65%,30.55%,38.68%,37.73%,49.17%,63.17%,124.40%,109.54%,78.90%,82.37%,334.03%,225.33%,3965.11%,-,-,-,-
EPS (Basic),0.53,0.23,0.71,0.07,0.56,0.62,0.87,0.77,0.64,0.66,0.58,0.99,-2.12,0.45,-0.15,0.16,0.55,-0.01,0.10,0.21,0.34,0.44,0.41,0.34,0.39,0.42,0.78,0.75,-0.08,-0.48,0.35,0.40,0.50,-0.35,0.07,0.36,0.37,1.90,-0.29,-7.92
EPS (Diluted),0.53,0.23,0.71,0.07,0.56,0.62,0.87,0.77,0.64,0.66,0.58,0.99,-2.12,0.45,-0.15,0.16,0.55,-0.01,0.10,0.21,0.34,0.44,0.41,0.34,0.39,0.42,0.78,0.75,-0.08,-0.48,0.35,0.40,0.50,-0.35,0.07,0.36,0.37,1.90,-0.29,-7.92
EPS Growth,-5.36%,-62.90%,-18.39%,-90.91%,-12.50%,-6.06%,50.00%,-22.22%,-,46.67%,-,518.75%,-,-,-,-23.81%,61.76%,-,-75.61%,-38.24%,-12.82%,4.76%,-47.44%,-54.67%,-,-,122.86%,87.50%,-,-,400.00%,11.11%,35.14%,-,-,-,-,-,-,-
Free Cash Flow Per Share,0.50,-0.39,1.39,-1.69,0.96,1.76,-0.90,-0.04,0.59,2.86,-0.13,2.89,-0.18,0.56,-0.96,1.25,-2.32,0.68,-0.55,-0.83,1.16,0.47,-3.62,-5.41,1.38,-1.42,-3.18,-1.96,-2.19,-3.17,-2.89,-4.70,-5.61,-12.07,-8.09,-5.36,-8.72,-37.13,-21.31,-
Dividend Per Share,0.440,0.440,0.400,0.400,0.400,0.390,0.380,0.360,0.370,0.360,0.370,0.370,0.370,0.550,0.370,0.450,0.370,0.570,0.370,0.370,0.370,0.370,0.370,0.370,-,-,-,-,-,-,-,-,-,-,-,-,-,-,-,-
Dividend Growth,10.00%,12.82%,5.26%,11.11%,8.11%,8.33%,2.70%,-2.70%,0%,-34.55%,0%,-17.78%,0%,-3.51%,0%,21.62%,0%,54.05%,0%,0%,-,-,-,-,-,-,-,-,-,-,-,-,-,-,-,-,-,-,-,-
Gross Margin,78.23%,77.42%,76.81%,74.04%,74.16%,73.15%,73.15%,73.25%,72.93%,73.47%,73.22%,74.09%,75.32%,75.53%,75.39%,75.65%,75.48%,75.43%,74.66%,74.74%,73.57%,73.54%,76.58%,76.43%,75.97%,75.40%,75.50%,75.68%,75.12%,74.49%,74.31%,74.63%,73.53%,69.23%,77.00%,78.69%,75.86%,88.22%,-88.12%,-15.00%
Operating Margin,75.12%,72.70%,72.86%,69.65%,69.74%,68.67%,68.64%,68.45%,68.97%,70.03%,68.37%,70.51%,72.69%,72.38%,73.21%,73.28%,72.70%,72.67%,71.45%,71.49%,70.49%,70.21%,73.91%,71.53%,72.27%,71.69%,71.07%,70.49%,69.92%,69.05%,68.95%,66.06%,66.94%,50.89%,69.86%,67.34%,59.07%,65.62%,-195.37%,-12055.00%
Profit Margin,46.44%,20.67%,62.48%,8.50%,62.74%,75.24%,106.82%,98.45%,85.75%,85.71%,76.55%,122.81%,-239.59%,50.19%,-16.12%,17.16%,61.11%,-2.06%,11.86%,24.99%,44.41%,54.50%,59.89%,40.01%,47.43%,52.47%,100.74%,100.79%,-11.72%,-48.26%,49.25%,57.86%,75.41%,-66.80%,8.91%,46.18%,60.55%,46.14%,-102.27%,-12555.00%
Free Cash Flow Margin,43.78%,-35.68%,122.13%,-198.63%,106.93%,213.70%,-111.00%,-5.23%,79.00%,367.50%,-16.43%,358.89%,-20.20%,61.78%,-102.62%,133.35%,-260.04%,75.80%,-67.59%,-98.59%,152.65%,59.25%,-525.31%,-641.69%,169.11%,-174.33%,-411.95%,-262.03%,-303.14%,-450.56%,-401.05%,-679.92%,-846.44%,-2684.71%,-998.85%,-694.78%,-1410.82%,-2943.98%,-7431.62%,-
EBITDA,45.27,29.25,49.32,13.25,38.3,43.17,55.14,49.92,42.88,48.83,40.9,65.6,-108.92,38.86,4.55,22.79,45.72,9.75,16.45,21.82,28.9,34.8,31.47,21.24,21.21,22.38,33.22,29.78,0.89,-6.97,12.31,11.34,11.57,-2.4,2.07,5.23,4.37,2.03,-1.09,-
EBITDA Margin,77.55%,52.20%,83.39%,29.72%,80.61%,98.16%,126.00%,117.04%,104.97%,112.22%,95.59%,144.89%,-215.49%,72.69%,8.16%,40.07%,82.84%,17.31%,32.08%,41.59%,60.87%,70.29%,73.78%,54.82%,62.19%,67.51%,114.73%,115.64%,3.86%,-33.69%,62.81%,71.23%,89.13%,-40.80%,19.69%,52.55%,65.81%,53.29%,-95.20%,-
EBIT,45.27,29.25,49.32,13.25,38.3,43.17,55.14,49.92,42.88,48.83,40.9,65.6,-108.92,38.86,4.55,22.79,45.72,9.75,16.45,21.82,28.9,34.8,31.47,21.24,21.21,22.38,33.22,29.78,0.89,-6.97,12.31,11.34,11.57,-2.4,2.07,5.23,4.37,2.03,-1.09,-2.51
EBIT Margin,77.55%,52.20%,83.39%,29.72%,80.61%,98.16%,126.00%,117.04%,104.97%,112.22%,95.59%,144.89%,-215.49%,72.69%,8.16%,40.07%,82.84%,17.31%,32.08%,41.59%,60.87%,70.29%,73.78%,54.82%,62.19%,67.51%,114.73%,115.64%,3.86%,-33.69%,62.81%,71.23%,89.13%,-40.80%,19.69%,52.55%,65.81%,53.29%,-95.20%,-12555.00%
