Metrics,2023-03-31,2022-12-31,2022-09-30,2022-06-30,2022-03-31,2021-12-31,2021-09-30,2021-06-30,2021-03-31,2020-12-31,2020-09-30,2020-06-30,2020-03-31,2019-12-31,2019-09-30,2019-06-30,2019-03-31,2018-12-31,2018-09-30,2018-06-30,2018-03-31,2017-12-31,2017-09-30,2017-06-30,2017-03-31,2016-12-31,2016-09-30,2016-06-30,2016-03-31,2015-12-31,2015-09-30,2015-06-30,2015-03-31,2014-12-31,2014-09-30,2014-06-30,2014-03-31,2013-12-31,2013-09-30,2013-06-30,+70 Quarters
Revenue,69.22,70.08,66.3,59.14,56.12,58.25,58.16,57.36,54.61,55.43,53.94,51.45,65.79,57.96,56.96,59.34,56.84,51.54,51.34,51.25,46.96,47.53,45.24,45.67,48.27,43.45,45.09,43.13,41.71,40.47,41.11,41.35,52.52,43.53,42.21,43.56,42.98,45,45.7,43.54,Upgrade
Revenue Growth (YoY),23.35%,20.31%,13.99%,3.10%,2.77%,5.09%,7.83%,11.49%,-16.99%,-4.37%,-5.31%,-13.29%,15.75%,12.46%,10.95%,15.78%,21.04%,8.43%,13.47%,12.21%,-2.72%,9.40%,0.33%,5.90%,15.74%,7.35%,9.68%,4.29%,-20.59%,-7.01%,-2.59%,-5.07%,22.20%,-3.28%,-7.64%,0.05%,1.95%,18.37%,20.32%,21.09%,Upgrade
Gross Profit,69.22,70.08,66.3,59.14,56.12,58.25,58.16,57.36,54.61,55.43,53.94,51.45,65.79,57.96,56.96,59.34,56.84,51.54,51.34,51.25,46.96,47.53,45.24,45.67,48.27,43.45,45.09,43.13,41.71,40.47,41.11,41.35,52.52,43.53,42.21,43.56,42.98,45,45.7,43.54,Upgrade
"Selling, General & Admin",20.58,30.95,20.48,19.62,18.53,28.04,18.5,18.59,18.9,28.23,17.83,17.87,18.82,29.46,18.22,18.83,18.37,25.49,16.15,16.16,15.87,24.5,15.16,15.34,15.53,16.21,18.59,18.02,17.94,14.64,17.48,17.28,17.42,17.45,18.42,18.37,18.31,18.83,18.32,17.97,Upgrade
Other Operating Expenses,18.05,1.64,11.02,11.07,11,0.59,10.67,10.99,10.91,0.41,10.89,10.6,10.65,-0.42,10.18,11.94,11.04,12.69,8.89,8.75,9.07,-1.6,9.15,8.83,9.07,6.25,6.7,6.27,6.2,6.52,7.9,5.96,5.74,5.58,5.9,5.94,5.07,6.05,6.35,5.99,Upgrade
Operating Expenses,38.62,32.59,31.5,30.69,29.53,28.62,29.18,29.57,29.81,28.64,28.71,28.47,29.47,29.03,28.4,30.77,29.41,38.17,25.04,24.91,24.94,22.9,24.31,24.17,24.6,22.46,25.28,24.28,24.14,21.17,25.38,23.24,23.17,23.04,24.33,24.31,23.38,24.88,24.67,23.96,Upgrade
Operating Income,30.6,37.49,34.8,28.45,26.59,29.62,28.98,27.79,24.8,26.79,25.22,22.98,36.32,28.93,28.56,28.56,27.43,13.37,26.3,26.34,22.02,24.64,20.94,21.5,23.67,20.99,19.81,18.84,17.57,19.31,15.74,18.11,29.36,20.49,17.88,19.25,19.61,20.12,21.03,19.58,Upgrade
Pretax Income,30.6,37.49,34.8,28.45,26.59,29.62,28.98,27.79,24.8,26.79,25.22,22.98,36.32,28.93,28.56,28.56,27.43,13.37,26.3,26.34,22.02,24.64,20.94,21.5,23.67,20.99,19.81,18.84,17.57,19.31,15.74,18.11,29.36,20.49,17.88,19.25,19.61,20.12,21.03,19.58,Upgrade
Income Tax,6.26,6.83,7.42,5.77,5.25,6.24,6.25,5.64,4.99,4.57,5.1,4.73,7.32,6.32,6.19,5.81,5.81,2.65,5.61,5.36,4.41,14.97,7,6.81,7.65,6.34,6.58,6.3,5.87,5.79,5.13,6.13,11.37,5.96,6.01,6.5,5.8,6.88,7.06,6.57,Upgrade
Net Income,24.34,30.66,27.37,22.68,21.34,23.39,22.73,22.15,19.81,22.22,20.13,18.25,29,22.61,22.37,22.75,21.62,10.72,20.69,20.98,17.62,9.66,13.93,14.69,16.03,14.65,13.23,12.54,11.7,13.52,10.61,11.98,17.99,14.53,11.87,12.76,13.8,13.25,13.98,13.01,Upgrade
Net Income Growth,14.05%,31.12%,20.42%,2.42%,7.71%,5.24%,12.95%,21.35%,-31.68%,-1.72%,-10.04%,-19.78%,34.14%,110.94%,8.11%,8.45%,22.72%,10.92%,48.52%,42.83%,9.92%,-34.04%,5.29%,17.12%,36.95%,8.41%,24.75%,4.66%,-34.96%,-6.99%,-10.66%,-6.07%,30.35%,9.69%,-15.05%,-1.91%,72.82%,21.57%,31.75%,75.45%,Upgrade
Shares Outstanding (Basic),15,15,15,15,15,15,15,16,16,16,16,16,16,16,16,16,16,16,15,15,15,15,16,15,15,15,15,15,15,15,15,15,15,15,15,16,16,16,16,16,Upgrade
Shares Outstanding (Diluted),15,15,15,15,15,15,15,16,16,16,16,16,16,16,16,16,16,16,15,15,15,15,16,15,15,15,15,15,15,15,15,15,15,15,15,16,16,16,16,16,Upgrade
Shares Change,-1.05%,-1.73%,-3.28%,-4.39%,-4.37%,-4.31%,-4.18%,-3.12%,-2.57%,-3.08%,-1.96%,-1.76%,-2.00%,3.92%,6.06%,6.78%,6.43%,0.75%,-0.95%,-0.92%,1.04%,3.93%,3.99%,3.93%,2.34%,-1.74%,-1.89%,-1.49%,-1.47%,0.05%,-1.60%,-3.69%,-4.10%,-3.33%,-2.18%,-0.29%,1.08%,5.78%,6.44%,6.73%,Upgrade
EPS (Basic),1.63,2.06,1.84,1.51,1.41,1.54,1.47,1.41,1.25,1.40,1.25,1.12,1.79,1.38,1.36,1.38,1.31,0.68,1.34,1.36,1.13,0.62,0.89,0.94,1.04,0.98,0.88,0.83,0.78,0.88,0.69,0.78,1.18,0.95,0.76,0.81,0.87,0.84,0.89,0.83,Upgrade
EPS (Diluted),1.63,2.05,1.83,1.51,1.41,1.53,1.47,1.41,1.25,1.40,1.25,1.12,1.78,1.38,1.36,1.38,1.30,0.67,1.33,1.35,1.13,0.62,0.89,0.94,1.04,0.97,0.88,0.83,0.78,0.88,0.69,0.78,1.17,0.94,0.76,0.80,0.86,0.83,0.88,0.82,Upgrade
EPS Growth,15.60%,33.99%,24.49%,7.09%,12.80%,9.29%,17.60%,25.89%,-29.78%,1.45%,-8.09%,-18.84%,36.92%,105.97%,2.26%,2.22%,15.04%,8.06%,49.44%,43.62%,8.65%,-36.08%,1.14%,13.25%,33.33%,10.23%,27.54%,6.41%,-33.33%,-6.38%,-9.21%,-2.50%,36.05%,13.25%,-13.64%,-2.44%,68.63%,13.70%,23.94%,64.00%,Upgrade
Free Cash Flow Per Share,2.65,2.28,2.43,1.11,1.88,1.88,2.16,1.27,1.17,1.69,0.73,1.65,1.24,1.73,1.69,1.64,1.13,1.26,1.22,1.46,0.68,1.45,0.84,1.23,1.20,1.04,0.53,1.49,0.95,0.15,2.19,-0.24,0.86,1.16,1.31,0.46,0.39,0.94,1.46,1.16,Upgrade
Dividend Per Share,0.650,0.650,0.600,0.600,0.600,0.580,0.580,0.580,0.580,0.570,0.570,0.570,0.570,0.570,0.530,0.530,0.530,0.530,0.460,0.460,0.460,0.440,0.440,0.440,0.430,0.430,0.430,0.430,0.420,0.420,0.420,0.420,0.400,0.400,0.400,0.400,0.370,0.370,0.370,0.370,Upgrade
Dividend Growth,8.33%,12.07%,3.45%,3.45%,3.45%,1.75%,1.75%,1.75%,1.75%,0%,7.55%,7.55%,7.55%,7.55%,15.22%,15.22%,15.22%,20.45%,4.55%,4.55%,6.98%,2.33%,2.33%,2.33%,2.38%,2.38%,2.38%,2.38%,5.00%,5.00%,5.00%,5.00%,8.11%,8.11%,8.11%,8.11%,5.71%,5.71%,5.71%,5.71%,Upgrade
Gross Margin,100.00%,100.00%,100.00%,100.00%,100.00%,100.00%,100.00%,100.00%,100.00%,100.00%,100.00%,100.00%,100.00%,100.00%,100.00%,100.00%,100.00%,100.00%,100.00%,100.00%,100.00%,100.00%,100.00%,100.00%,100.00%,100.00%,100.00%,100.00%,100.00%,100.00%,100.00%,100.00%,100.00%,100.00%,100.00%,100.00%,100.00%,100.00%,100.00%,100.00%,Upgrade
Operating Margin,44.20%,53.50%,52.48%,48.11%,47.39%,50.86%,49.83%,48.44%,45.41%,48.33%,46.77%,44.67%,55.21%,49.91%,50.15%,48.14%,48.26%,25.93%,51.23%,51.39%,46.90%,51.83%,46.27%,47.07%,49.04%,48.31%,43.93%,43.69%,42.12%,47.71%,38.27%,43.79%,55.90%,47.08%,42.37%,44.20%,45.61%,44.72%,46.02%,44.97%,Upgrade
Profit Margin,35.16%,43.76%,41.29%,38.36%,38.03%,40.15%,39.09%,38.61%,36.28%,40.09%,37.31%,35.47%,44.08%,39.01%,39.27%,38.34%,38.03%,20.80%,40.31%,40.94%,37.51%,20.33%,30.79%,32.16%,33.20%,33.72%,29.34%,29.08%,28.06%,33.39%,25.80%,28.98%,34.25%,33.38%,28.13%,29.29%,32.11%,29.43%,30.58%,29.87%,Upgrade
Free Cash Flow Margin,56.75%,47.93%,54.10%,27.85%,50.13%,48.39%,56.73%,34.48%,33.61%,47.92%,21.67%,51.64%,30.27%,48.44%,48.17%,45.36%,32.52%,38.16%,36.54%,43.53%,22.42%,47.03%,28.70%,41.65%,37.80%,35.78%,17.54%,51.32%,34.11%,5.62%,80.80%,-8.80%,24.80%,40.28%,47.85%,16.40%,14.32%,32.57%,49.69%,41.48%,Upgrade
Effective Tax Rate,20.45%,18.21%,21.33%,20.27%,19.75%,21.05%,21.57%,20.30%,20.11%,17.05%,20.21%,20.59%,20.16%,21.84%,21.68%,20.35%,21.18%,19.80%,21.32%,20.34%,20.00%,60.77%,33.45%,31.68%,32.30%,30.20%,33.20%,33.45%,33.39%,30.00%,32.59%,33.82%,38.72%,29.09%,33.61%,33.74%,29.60%,34.17%,33.55%,33.57%,Upgrade
EBITDA,31.81,38.78,36.11,29.78,27.98,31.08,30.45,29.25,26.24,28.29,26.74,24.43,37.65,30.2,29.83,29.82,28.64,14.63,27.56,27.62,23.29,26.03,22.39,23.01,25.2,22.51,21.39,20.41,19.14,16.26,17.26,19.62,30.87,17.37,19.42,20.79,21.08,10.3,22.47,22.16,Upgrade
EBITDA Margin,45.95%,55.34%,54.47%,50.35%,49.86%,53.36%,52.35%,51.00%,48.05%,51.04%,49.57%,47.48%,57.22%,52.10%,52.37%,50.26%,50.38%,28.39%,53.69%,53.90%,49.60%,54.77%,49.48%,50.38%,52.20%,51.80%,47.44%,47.33%,45.88%,40.17%,41.98%,47.46%,58.77%,39.91%,46.02%,47.72%,49.05%,22.88%,49.17%,50.90%,Upgrade
Depreciation & Amortization,1.21,1.29,1.32,1.33,1.39,1.46,1.47,1.47,1.44,1.51,1.51,1.45,1.33,1.27,1.27,1.26,1.21,1.27,1.26,1.29,1.27,1.4,1.45,1.51,1.53,1.52,1.59,1.57,1.57,-3.05,1.52,1.52,1.51,-3.12,1.54,1.53,1.48,-9.83,1.44,2.58,Upgrade
EBIT,30.6,37.49,34.8,28.45,26.59,29.62,28.98,27.79,24.8,26.79,25.22,22.98,36.32,28.93,28.56,28.56,27.43,13.37,26.3,26.34,22.02,24.64,20.94,21.5,23.67,20.99,19.81,18.84,17.57,19.31,15.74,18.11,29.36,20.49,17.88,19.25,19.61,20.12,21.03,19.58,Upgrade
EBIT Margin,44.20%,53.50%,52.48%,48.11%,47.39%,50.86%,49.83%,48.44%,45.41%,48.33%,46.77%,44.67%,55.21%,49.91%,50.15%,48.14%,48.26%,25.93%,51.23%,51.39%,46.90%,51.83%,46.27%,47.07%,49.04%,48.31%,43.93%,43.69%,42.12%,47.71%,38.27%,43.79%,55.90%,47.08%,42.37%,44.20%,45.61%,44.72%,46.02%,44.97%,Upgrade
