Metrics,2023-03-31,2022-12-31,2022-09-30,2022-06-30,2022-03-31,2021-12-31,2021-09-30,2021-06-30,2021-03-31,2020-12-31,2020-09-30,2020-06-30,2020-03-31,2019-12-31,2019-09-30,2019-06-30,2019-03-31,2018-12-31,2018-09-30,2018-06-30,2018-03-31,2017-12-31,2017-09-30,2017-06-30,2017-03-31,2016-12-31,2016-09-30,2016-06-30,2016-03-31,2015-12-31,2015-09-30,2015-06-30,2015-03-31,2014-12-31,2014-09-30,2014-06-30,2014-03-31,2013-12-31,2013-09-30,2013-06-30,+69 Quarters
Revenue,960,987,957,819,711,775,797,884,895,751,705,580,339,802,807,809,857,848,833,867,781,813,797,759,725,687,706,664,543,639,656,632,651,627,624,625,609,640,632,623,Upgrade
Revenue Growth (YoY),35.02%,27.35%,20.08%,-7.35%,-20.56%,3.20%,13.05%,52.41%,164.01%,-6.36%,-12.64%,-28.31%,-60.44%,-5.42%,-3.12%,-6.69%,9.73%,4.31%,4.52%,14.23%,7.72%,18.34%,12.89%,14.31%,33.52%,7.51%,7.62%,5.06%,-16.59%,1.91%,5.13%,1.12%,6.90%,-2.03%,-1.27%,0.32%,-0.65%,-3.61%,4.98%,-0.64%,Upgrade
Gross Profit,960,987,957,819,711,775,797,884,895,751,705,580,339,802,807,809,857,848,833,867,781,813,797,759,725,687,706,664,543,639,656,632,651,627,624,625,609,640,632,623,Upgrade
"Selling, General & Admin",379,385,363,347,338,348,335,328,333,326,309,298,291,311,305,294,314,303,304,261,266,413,249,242,256,260,260,261,261,276,256,264,266,259,262,255,261,273,270,260,Upgrade
Other Operating Expenses,172,156,139,135,135,138,130,135,114,139,129,136,126,134,130,130,119,145,148,187,180,70,214,215,201,201,233,257,197,206,201,169,190,149,167,149,145,200,147,156,Upgrade
Operating Expenses,551,541,502,482,473,486,465,463,447,465,438,434,417,445,435,424,433,448,452,448,446,483,463,457,457,461,493,518,458,482,457,433,456,408,429,404,406,473,417,416,Upgrade
Operating Income,409,446,455,337,238,289,332,421,448,286,267,146,-78,357,372,385,424,400,381,419,335,330,334,302,268,226,213,146,85,157,199,199,195,219,195,221,203,167,215,207,Upgrade
Other Expense / Income,-,-,-,-,-,-,-,-,-,-,-,-,-,-,-,-,-,-,-,-,-,-,-,-,-,-,-,-,-,-,-,-,-,-,-32,-,-,-,-,-,Upgrade
Pretax Income,409,446,455,337,238,289,332,421,448,286,267,146,-78,357,372,385,424,400,381,419,335,330,334,302,268,226,213,146,85,157,199,199,195,219,227,221,203,167,215,207,Upgrade
Income Tax,85,96,104,76,49,61,70,93,98,65,50,28,-19,84,80,87,85,90,63,93,54,218,108,99,66,62,64,42,25,41,63,64,61,70,73,70,64,50,68,64,Upgrade
Net Income,324,350,351,261,189,228,262,328,350,221,217,118,-59,273,292,298,339,310,318,326,281,112,226,203,202,164,149,104,60,116,136,135,134,149,154,151,139,117,147,143,Upgrade
Preferred Dividends,7,8,8,6,7,7,7,7,7,6,8,1,0,2,2,1,2,2,2,2,2,0,2,1,2,1,1,1,1,1,2,1,2,1,2,2,2,2,2,2,Upgrade
Net Income Common,317,342,343,255,182,221,255,321,343,215,209,117,-59,271,290,297,337,308,316,324,279,112,224,202,200,163,148,103,59,115,134,134,132,148,152,149,137,115,145,141,Upgrade
Net Income Growth,74.18%,54.75%,34.51%,-20.56%,-46.94%,2.79%,22.01%,174.36%,-,-20.66%,-27.93%,-60.61%,-,-12.01%,-8.23%,-8.33%,20.79%,175.00%,41.07%,60.40%,39.50%,-31.29%,51.35%,96.12%,238.98%,41.74%,10.45%,-23.13%,-55.30%,-22.30%,-11.84%,-10.07%,-3.65%,28.70%,4.83%,5.67%,3.79%,-10.16%,25.00%,0%,Upgrade
Shares Outstanding (Basic),131,131,131,131,131,131,134,140,139,139,139,139,141,144,149,154,159,162,171,172,173,174,176,177,176,172,174,175,175,177,178,178,178,180,181,182,182,183,185,187,Upgrade
Shares Change,0.21%,-0.15%,-2.32%,-6.34%,-5.89%,-5.71%,-3.68%,0.42%,-1.46%,-3.51%,-6.91%,-9.81%,-11.10%,-10.85%,-12.86%,-10.34%,-7.99%,-7.02%,-2.56%,-2.83%,-1.73%,0.96%,1.15%,1.03%,0.56%,-2.53%,-2.26%,-1.62%,-1.95%,-1.64%,-1.60%,-2.02%,-2.04%,-1.76%,-2.24%,-2.66%,-2.98%,-3.91%,-4.41%,-5.10%,Upgrade
EPS (Basic),2.41,2.60,2.63,1.94,1.39,1.70,1.92,2.35,2.46,1.54,1.49,0.85,-0.42,1.90,1.98,1.95,2.14,1.90,1.89,1.90,1.62,0.65,1.29,1.15,1.15,0.94,0.87,0.60,0.34,0.66,0.76,0.76,0.75,0.84,0.85,0.83,0.76,0.64,0.80,0.77,Upgrade
EPS (Diluted),2.39,2.59,2.60,1.92,1.37,1.68,1.90,2.32,2.43,1.53,1.48,0.84,-0.42,1.88,1.96,1.94,2.11,1.88,1.86,1.87,1.59,0.64,1.26,1.13,1.11,0.92,0.84,0.58,0.34,0.64,0.74,0.73,0.73,0.81,0.82,0.80,0.73,0.62,0.78,0.76,Upgrade
EPS Growth,74.45%,54.17%,36.84%,-17.24%,-43.62%,9.80%,28.38%,176.19%,-,-18.62%,-24.49%,-56.70%,-,0%,5.38%,3.74%,32.70%,193.75%,47.62%,65.49%,43.24%,-30.43%,50.00%,94.83%,226.47%,43.75%,13.51%,-20.55%,-53.42%,-20.99%,-9.76%,-8.75%,0%,30.65%,5.13%,5.26%,4.29%,-7.46%,27.87%,4.11%,Upgrade
Free Cash Flow Per Share,3.36,4.38,2.87,2.55,-5.55,3.12,1.40,-1.24,1.01,1.29,-0.33,0.22,4.84,1.37,2.75,2.41,0.15,3.86,1.92,1.37,1.96,1.20,1.05,1.31,2.23,0.35,0.81,-0.18,1.26,0.91,1.38,0.15,1.75,0.23,1.17,0.64,1.09,2.15,0.68,-0.14,Upgrade
Dividend Per Share,0.710,0.680,0.680,0.680,0.680,0.680,0.680,0.680,0.680,0.680,0.680,0.680,0.680,0.670,0.670,0.670,0.670,0.600,0.600,0.340,0.300,0.300,0.300,0.260,0.230,0.230,0.230,0.220,0.210,0.210,0.210,0.210,0.200,0.200,0.200,0.200,0.190,0.170,0.170,0.170,Upgrade
Dividend Growth,4.41%,0%,0%,0%,0%,0%,0%,0%,0%,1.49%,1.49%,1.49%,1.49%,11.67%,11.67%,97.06%,123.33%,100.00%,100.00%,30.77%,30.43%,30.43%,30.43%,18.18%,9.52%,9.52%,9.52%,4.76%,5.00%,5.00%,5.00%,5.00%,5.26%,17.65%,17.65%,17.65%,11.76%,13.33%,13.33%,13.33%,Upgrade
Gross Margin,100.00%,100.00%,100.00%,100.00%,100.00%,100.00%,100.00%,100.00%,100.00%,100.00%,100.00%,100.00%,100.00%,100.00%,100.00%,100.00%,100.00%,100.00%,100.00%,100.00%,100.00%,100.00%,100.00%,100.00%,100.00%,100.00%,100.00%,100.00%,100.00%,100.00%,100.00%,100.00%,100.00%,100.00%,100.00%,100.00%,100.00%,100.00%,100.00%,100.00%,Upgrade
Operating Margin,42.60%,45.19%,47.54%,41.15%,33.47%,37.29%,41.66%,47.62%,50.06%,38.08%,37.87%,25.17%,-23.01%,44.51%,46.10%,47.59%,49.47%,47.17%,45.74%,48.33%,42.89%,40.59%,41.91%,39.79%,36.97%,32.90%,30.17%,21.99%,15.65%,24.57%,30.34%,31.49%,29.95%,34.93%,31.25%,35.36%,33.33%,26.09%,34.02%,33.23%,Upgrade
Profit Margin,33.02%,34.65%,35.84%,31.14%,25.60%,28.52%,31.99%,36.31%,38.32%,28.63%,29.65%,20.17%,-17.40%,33.79%,35.94%,36.71%,39.32%,36.32%,37.94%,37.37%,35.72%,13.78%,28.11%,26.61%,27.59%,23.73%,20.96%,15.51%,10.87%,18.00%,20.43%,21.20%,20.28%,23.60%,24.36%,23.84%,22.50%,17.97%,22.94%,22.63%,Upgrade
Free Cash Flow Margin,45.94%,58.05%,39.29%,40.78%,-102.25%,52.77%,23.46%,-19.57%,15.75%,23.97%,-6.52%,5.34%,201.77%,24.56%,50.93%,45.98%,2.80%,73.58%,39.50%,27.10%,43.28%,25.71%,23.09%,30.43%,54.07%,8.73%,19.97%,-4.67%,40.70%,25.20%,37.35%,4.27%,48.08%,6.70%,33.97%,18.72%,32.51%,61.56%,19.94%,-4.17%,Upgrade
Effective Tax Rate,20.78%,21.52%,22.86%,22.55%,20.59%,21.11%,21.08%,22.09%,21.88%,22.73%,18.73%,19.18%,-,23.53%,21.51%,22.60%,20.05%,22.50%,16.54%,22.20%,16.12%,66.06%,32.34%,32.78%,24.63%,27.43%,30.05%,28.77%,29.41%,26.11%,31.66%,32.16%,31.28%,31.96%,32.16%,31.67%,31.53%,29.94%,31.63%,30.92%,Upgrade
EBITDA,429,467,480,360,261,312,357,447,473,312,294,175,-52,387,399,413,453,430,411,448,366,360,365,331,299,256,245,175,115,185,229,229,225,250,258,253,232,197,245,239,Upgrade
EBITDA Margin,44.69%,47.32%,50.16%,43.96%,36.71%,40.26%,44.79%,50.57%,52.85%,41.54%,41.70%,30.17%,-15.34%,48.25%,49.44%,51.05%,52.86%,50.71%,49.34%,51.67%,46.86%,44.28%,45.80%,43.61%,41.24%,37.26%,34.70%,26.36%,21.18%,28.95%,34.91%,36.23%,34.56%,39.87%,41.35%,40.48%,38.10%,30.78%,38.77%,38.36%,Upgrade
Depreciation & Amortization,20,21,25,23,23,23,25,26,25,26,27,29,26,30,27,28,29,30,30,29,31,30,31,29,31,30,32,29,30,28,30,30,30,31,31,32,29,30,30,32,Upgrade
EBIT,409,446,455,337,238,289,332,421,448,286,267,146,-78,357,372,385,424,400,381,419,335,330,334,302,268,226,213,146,85,157,199,199,195,219,227,221,203,167,215,207,Upgrade
EBIT Margin,42.60%,45.19%,47.54%,41.15%,33.47%,37.29%,41.66%,47.62%,50.06%,38.08%,37.87%,25.17%,-23.01%,44.51%,46.10%,47.59%,49.47%,47.17%,45.74%,48.33%,42.89%,40.59%,41.91%,39.79%,36.97%,32.90%,30.17%,21.99%,15.65%,24.57%,30.34%,31.49%,29.95%,34.93%,36.38%,35.36%,33.33%,26.09%,34.02%,33.23%,Upgrade
