Metrics,2023-03-31,2022-12-31,2022-09-30,2022-06-30,2022-03-31,2021-12-31,2021-09-30,2021-06-30,2021-03-31,2020-12-31,2020-09-30,2020-06-30,2020-03-31,2019-12-31,2019-09-30,2019-06-30,2019-03-31,2018-12-31,2018-09-30,2018-06-30,2018-03-31,2017-12-31,2017-09-30,2017-06-30,2017-03-31,2016-12-31,2016-09-30,2016-06-30,2016-03-31,2015-12-31,2015-09-30,2015-06-30,2015-03-31,2014-12-31,2014-09-30,2014-06-30,2014-03-31,2013-12-31,2013-09-30,2013-06-30,+42 Quarters
Revenue,126.08,125.34,139.95,147.43,154.19,159.63,154.19,144.27,125.75,116.46,111.16,94.09,105.83,109.85,104.97,101.79,94.23,93.91,98.33,94.41,94.46,99.45,96.79,92.71,89.74,91.06,94.39,86.37,79.68,81.67,79.67,83.5,83.82,81.84,80.85,78.41,72.84,73.43,74.03,77.8,Upgrade
Revenue Growth (YoY),-18.23%,-21.48%,-9.23%,2.19%,22.62%,37.07%,38.71%,53.34%,18.82%,6.02%,5.90%,-7.57%,12.32%,16.98%,6.75%,7.82%,-0.25%,-5.58%,1.60%,1.83%,5.26%,9.22%,2.54%,7.34%,12.63%,11.49%,18.48%,3.44%,-4.93%,-0.21%,-1.46%,6.49%,15.08%,11.45%,9.21%,0.79%,0.52%,3.29%,3.83%,15.37%,Upgrade
Cost of Revenue,14.22,14.32,16.42,18.24,33.95,20.63,19.91,18.85,16.51,73.82,14.64,12.52,14.1,14.37,14.14,14.19,12.54,11.55,13.21,12.44,12.84,13.61,12.97,13.59,13.16,23.58,11.09,9.77,8.7,8.98,8.58,9.53,9.25,8.86,9.05,9.26,8.3,8.13,8.36,9.68,Upgrade
Gross Profit,111.87,111.01,123.53,129.2,120.24,139,134.28,125.42,109.24,42.64,96.52,81.57,91.73,95.48,90.82,87.6,81.69,82.36,85.12,81.97,81.62,85.84,83.82,79.12,76.58,67.48,83.3,76.6,70.98,72.7,71.09,73.98,74.56,72.98,71.8,69.16,64.53,65.31,65.66,68.12,Upgrade
"Selling, General & Admin",65.98,63.09,65.22,67.1,68.25,57.56,65.07,64.71,56.14,53.43,52.07,45.05,62.21,47.94,49.59,48.39,45.15,46.98,44.76,44.48,43.34,43.88,41.74,40.74,39.94,32.97,44.08,40.78,40.78,40.83,38.07,41.22,38.45,39.01,37.99,37.94,35.13,33.8,35.75,37.41,Upgrade
Other Operating Expenses,0.99,1.15,1.14,1.11,0.99,0.93,0.98,1.02,1.17,1.13,1.14,1.23,1.15,1.08,1.1,1.12,1.1,1.07,1.14,1.21,1.06,1.07,1.11,1.02,1.11,-1.35,2,1.69,1.9,1.51,1.55,1.59,1.57,1.62,1.48,1.55,1.26,4.51,1.42,1.34,Upgrade
Operating Expenses,66.97,64.24,66.35,68.2,69.25,58.49,66.05,65.72,57.3,54.55,53.21,46.27,63.36,49.01,50.69,49.5,46.26,48.05,45.9,45.68,44.4,44.95,42.85,41.76,41.05,31.62,46.08,42.47,42.67,42.34,39.61,42.81,40.02,40.63,39.47,39.49,36.39,38.3,37.17,38.75,Upgrade
Operating Income,44.9,46.77,57.18,60.99,50.99,80.51,68.23,59.7,51.94,-11.91,43.31,35.3,28.37,46.46,40.13,38.1,35.44,34.31,39.22,36.29,37.22,40.89,40.97,37.36,35.53,35.86,37.21,34.13,28.31,30.35,31.48,31.17,34.55,32.35,32.33,29.67,28.14,27.01,28.5,29.37,Upgrade
Other Expense / Income,-0.65,1.56,-2.98,-0.81,-0.29,-1.39,-1.34,-2.71,-1.38,-1.65,-1.13,-4.31,7.34,-0.12,-4.24,-3.22,-7.48,3.07,-2.11,-3.61,1.54,-2.43,-1.67,-0.74,-0.27,-1.4,-1.4,-4.35,-0.86,5.52,7.6,-0.04,1.51,4.02,3.41,-4.25,-2.48,-4.31,-0.99,4.22,Upgrade
Pretax Income,45.55,45.21,60.16,61.8,51.28,81.89,69.57,62.41,53.31,-10.27,44.44,39.61,21.03,46.58,44.37,41.32,42.91,31.24,41.33,39.9,35.68,43.32,42.64,38.09,35.8,37.26,38.62,38.48,29.17,24.83,23.88,31.21,33.04,28.33,28.92,33.92,30.62,31.31,29.49,25.15,Upgrade
Income Tax,10.23,12.72,15.59,9.84,9.26,17.41,18.09,15.83,4.46,-5.85,12.53,11.09,0.46,9.85,10.35,9.99,10.37,5.68,10.54,9.94,8.1,22.92,17.56,14.62,12.81,11.1,14.74,13.68,11.08,12.45,11.54,12.19,12.23,12.64,10.73,11.73,11.18,11.9,11.21,9.87,Upgrade
Net Income,35.31,32.5,44.57,51.96,42.02,64.48,51.48,46.58,48.85,-4.41,31.9,28.52,20.57,36.73,34.02,31.33,32.54,25.56,30.79,29.96,27.59,20.4,25.08,23.47,22.99,26.17,23.88,24.81,18.08,12.39,12.34,19.01,20.82,15.7,18.18,22.18,19.45,19.41,18.28,15.28,Upgrade
Net Income Growth,-15.96%,-49.60%,-13.43%,11.54%,-13.99%,-,61.37%,63.32%,137.47%,-,-6.21%,-8.98%,-36.79%,43.69%,10.48%,4.59%,17.97%,25.31%,22.76%,27.63%,20.02%,-22.05%,5.05%,-5.38%,27.11%,111.29%,93.52%,30.49%,-13.13%,-21.10%,-32.15%,-14.29%,7.05%,-19.14%,-0.54%,45.16%,28.43%,-10.63%,78.18%,-4.96%,Upgrade
Shares Outstanding (Basic),49,49,49,49,49,48,48,48,48,48,48,48,48,47,47,47,47,47,47,47,47,46,46,46,46,46,46,46,46,46,46,45,45,45,45,45,45,44,44,44,Upgrade
Shares Outstanding (Diluted),49,49,49,49,49,49,49,49,49,49,49,49,49,49,48,48,48,48,48,47,47,47,47,47,47,47,47,46,46,46,46,46,46,46,46,46,45,45,45,45,Upgrade
Shares Change,0.13%,-0.21%,0.11%,0.53%,1.29%,1.01%,1.19%,0.78%,0.24%,0.22%,0.56%,0.82%,1.99%,2.72%,1.87%,1.83%,1.04%,0.42%,1.01%,0.87%,1.18%,1.57%,1.08%,1.13%,0.88%,1.39%,1.56%,1.25%,0.47%,0.22%,0.31%,0.60%,1.09%,1.16%,1.29%,1.17%,1.34%,1.64%,1.28%,1.37%,Upgrade
EPS (Basic),0.72,0.67,0.91,1.06,0.86,1.34,1.06,0.96,1.01,-0.10,0.67,0.60,0.43,0.78,0.72,0.66,0.69,0.54,0.66,0.64,0.59,0.44,0.54,0.51,0.50,0.57,0.52,0.54,0.39,0.27,0.27,0.42,0.46,0.35,0.41,0.49,0.44,0.44,0.41,0.34,Upgrade
EPS (Diluted),0.71,0.66,0.90,1.06,0.85,1.31,1.05,0.95,1.00,-0.10,0.66,0.59,0.42,0.76,0.70,0.65,0.68,0.53,0.65,0.63,0.59,0.43,0.53,0.50,0.49,0.56,0.51,0.53,0.39,0.27,0.27,0.42,0.45,0.34,0.40,0.49,0.43,0.43,0.41,0.34,Upgrade
EPS Growth,-16.47%,-49.62%,-14.29%,11.58%,-15.00%,-,59.09%,61.02%,138.10%,-,-5.71%,-9.23%,-38.24%,43.40%,7.69%,3.17%,15.25%,23.26%,22.64%,26.00%,20.41%,-23.21%,3.92%,-5.66%,25.64%,107.41%,88.89%,26.19%,-13.33%,-20.59%,-32.50%,-14.29%,4.65%,-20.93%,-2.44%,44.12%,26.47%,-12.24%,78.26%,-5.56%,Upgrade
Free Cash Flow Per Share,-0.40,1.16,1.04,1.16,-2.20,1.47,1.65,1.67,0.18,0.03,0.65,1.26,-0.13,1.42,0.58,1.58,-0.65,0.69,0.69,0.73,-0.64,1.14,0.68,-0.45,-0.05,1.12,0.61,0.64,-0.09,0.45,0.69,0.77,0.01,0.77,0.30,0.03,-0.02,0.74,0.90,0.56,Upgrade
Dividend Per Share,0.570,0.550,0.550,0.550,0.550,1.700,0.450,0.450,0.450,1.390,0.390,0.390,0.390,2.360,0.360,0.360,0.360,2.830,0.330,0.330,0.330,1.280,0.280,0.280,0.280,0.760,0.260,0.260,0.260,0.750,0.250,0.406,0.250,0.220,0.220,0.220,0.220,1.200,0.200,0.200,Upgrade
Dividend Growth,3.64%,-67.65%,22.22%,22.22%,22.22%,22.30%,15.38%,15.38%,15.38%,-41.10%,8.33%,8.33%,8.33%,-16.61%,9.09%,9.09%,9.09%,121.09%,17.86%,17.86%,17.86%,68.42%,7.69%,7.69%,7.69%,1.33%,4.00%,-35.96%,4.00%,240.91%,13.64%,84.55%,13.64%,-81.67%,10.00%,10.00%,10.00%,-28.57%,-43.18%,11.11%,Upgrade
Gross Margin,88.72%,88.57%,88.27%,87.63%,77.98%,87.08%,87.09%,86.94%,86.87%,36.61%,86.83%,86.70%,86.67%,86.92%,86.53%,86.06%,86.70%,87.70%,86.57%,86.82%,86.41%,86.31%,86.60%,85.34%,85.33%,74.11%,88.25%,88.69%,89.08%,89.01%,89.23%,88.59%,88.96%,89.17%,88.81%,88.20%,88.60%,88.93%,88.70%,87.56%,Upgrade
Operating Margin,35.61%,37.32%,40.86%,41.37%,33.07%,50.43%,44.25%,41.38%,41.30%,-10.23%,38.96%,37.51%,26.81%,42.30%,38.23%,37.43%,37.61%,36.54%,39.89%,38.44%,39.40%,41.11%,42.33%,40.29%,39.59%,39.38%,39.43%,39.52%,35.53%,37.16%,39.51%,37.33%,41.22%,39.53%,39.99%,37.84%,38.64%,36.78%,38.49%,37.75%,Upgrade
Profit Margin,28.01%,25.93%,31.85%,35.24%,27.25%,40.39%,33.39%,32.29%,38.85%,-3.79%,28.70%,30.31%,19.44%,33.44%,32.41%,30.78%,34.54%,27.22%,31.31%,31.73%,29.20%,20.51%,25.91%,25.32%,25.61%,28.74%,25.30%,28.72%,22.69%,15.16%,15.49%,22.77%,24.84%,19.18%,22.49%,28.29%,26.70%,26.44%,24.70%,19.64%,Upgrade
Free Cash Flow Margin,-15.51%,45.29%,36.46%,38.53%,-69.48%,44.55%,51.85%,55.91%,6.75%,1.25%,27.99%,64.23%,-5.97%,61.10%,25.97%,73.50%,-32.36%,34.41%,33.06%,36.32%,-31.73%,53.10%,32.35%,-22.27%,-2.74%,56.42%,29.61%,34.08%,-4.99%,25.29%,39.35%,41.95%,0.41%,42.32%,16.52%,1.88%,-1.10%,44.79%,54.03%,31.64%,Upgrade
Effective Tax Rate,22.47%,28.12%,25.92%,15.93%,18.06%,21.26%,26.00%,25.36%,8.37%,-,28.20%,27.99%,2.18%,21.15%,23.33%,24.18%,24.16%,18.19%,25.50%,24.91%,22.69%,52.91%,41.18%,38.38%,35.79%,29.78%,38.17%,35.54%,38.00%,50.12%,48.33%,39.08%,37.00%,44.60%,37.12%,34.60%,36.50%,38.00%,38.00%,39.24%,Upgrade
EBITDA,50.76,50.28,64.31,65.89,55.33,85.88,73.55,66.39,57.4,-3.42,45.72,44.12,24.66,50.64,48.07,44.98,46.52,34.83,44.98,43.72,38.46,51.96,43.76,39.12,36.91,35.92,40.62,40.18,31.06,26.34,25.42,32.79,34.61,29.96,30.4,36.01,31.88,35.82,30.91,26.49,Upgrade
EBITDA Margin,40.26%,40.12%,45.95%,44.69%,35.88%,53.80%,47.70%,46.02%,45.65%,-2.94%,41.13%,46.89%,23.30%,46.10%,45.79%,44.19%,49.37%,37.09%,45.75%,46.31%,40.71%,52.25%,45.21%,42.19%,41.13%,39.44%,43.03%,46.52%,38.98%,32.26%,31.91%,39.27%,41.29%,36.60%,37.60%,45.92%,43.78%,48.78%,41.76%,34.05%,Upgrade
Depreciation & Amortization,5.21,5.07,4.15,4.09,4.05,3.99,3.98,3.98,4.09,6.84,1.29,4.51,3.63,4.06,3.7,3.66,3.61,3.59,3.66,3.82,2.78,8.64,1.11,1.02,1.11,-1.35,2,1.69,1.9,1.51,1.55,1.59,1.57,1.62,1.48,2.09,1.26,4.51,1.42,1.34,Upgrade
EBIT,45.55,45.21,60.16,61.8,51.28,81.89,69.57,62.41,53.31,-10.27,44.44,39.61,21.03,46.58,44.37,41.32,42.91,31.24,41.33,39.9,35.68,43.32,42.64,38.09,35.8,37.26,38.62,38.48,29.17,24.83,23.88,31.21,33.04,28.33,28.92,33.92,30.62,31.31,29.49,25.15,Upgrade
EBIT Margin,36.12%,36.07%,42.99%,41.92%,33.26%,51.30%,45.12%,43.26%,42.40%,-8.82%,39.98%,42.10%,19.87%,42.41%,42.27%,40.60%,45.54%,33.27%,42.03%,42.26%,37.77%,43.56%,44.06%,41.09%,39.89%,40.92%,40.91%,44.56%,36.60%,30.40%,29.97%,37.37%,39.42%,34.62%,35.77%,43.25%,42.04%,42.64%,39.83%,32.33%,Upgrade
