Metrics,2023-03-31,2022-12-31,2022-09-30,2022-06-30,2022-03-31,2021-12-31,2021-09-30,2021-06-30,2021-03-31,2020-12-31,2020-09-30,2020-06-30,2020-03-31,2019-12-31,2019-09-30,2019-06-30,2019-03-31,2018-12-31,2018-09-30,2018-06-30,2018-03-31,2017-12-31,2017-09-30,2017-06-30,2017-03-31,2016-12-31,2016-09-30,2016-06-30,2016-03-31,2015-12-31,2015-09-30,2015-06-30,2015-03-31,2014-12-31,2014-09-30,2014-06-30,2014-03-31,2013-12-31,2013-09-30,2013-06-30,+70 Quarters
Revenue,324.6,333.37,306.42,303.65,287.79,302.97,297.56,276.55,262.16,265.61,261.67,242.88,246.05,257.56,265.84,267.85,256.38,274.52,264.86,293.21,290.39,313.54,286.67,283.97,279.53,293.62,295.39,297.67,290.91,300.5,309.98,324.42,306.62,305.64,314.91,307.05,289.36,306.72,313.46,326.13,Upgrade
Revenue Growth (YoY),12.79%,10.03%,2.98%,9.80%,9.78%,14.07%,13.72%,13.86%,6.55%,3.12%,-1.57%,-9.32%,-4.03%,-6.18%,0.37%,-8.65%,-11.71%,-12.45%,-7.61%,3.25%,3.88%,6.78%,-2.95%,-4.60%,-3.91%,-2.29%,-4.71%,-8.24%,-5.12%,-1.68%,-1.56%,5.65%,5.96%,-0.35%,0.46%,-5.85%,-5.79%,-8.59%,-3.33%,2.23%,Upgrade
Cost of Revenue,238.68,249.36,232.73,228.44,214.35,230.93,220.08,202.25,194.18,193.54,185.61,172.06,186.12,187.66,192.01,185.89,187.21,192.34,189.07,211.69,214.9,227.71,208.26,201.2,205,207.76,211.55,215.69,215.11,222.31,227.76,252.13,238.16,235.31,234.52,227.09,217.9,230.23,232.49,239.51,Upgrade
Gross Profit,85.91,84.01,73.69,75.21,73.44,72.04,77.48,74.3,67.98,72.07,76.06,70.82,59.93,69.9,73.83,81.95,69.17,82.18,75.79,81.52,75.49,85.83,78.4,82.78,74.53,85.86,83.83,81.98,75.8,78.2,82.23,72.29,68.45,70.34,80.39,79.97,71.46,76.49,80.96,86.61,Upgrade
"Selling, General & Admin",63.37,62.53,62.98,65.4,64.84,66.73,60.76,58.66,58.7,55.63,52.07,55.51,55.75,55.76,52.56,60.18,58.66,53.51,63.25,64,61.66,64.66,57.86,57.33,59.99,61.67,60.33,61.06,56.8,62.26,61.74,57.22,60.39,57.9,59.35,60.9,59.73,58.23,56.7,58.43,Upgrade
Other Operating Expenses,0,0,36.81,0,0,0,0,0,0,2.42,0,0,23.39,17.48,1.2,11.35,0,-1.96,0,0,0,22.86,1.43,6.78,0.61,2.06,1.49,3.53,2.42,67.33,11.08,4.24,1.06,0,0,0,0,0,0,0,Upgrade
Operating Expenses,63.37,62.53,99.79,65.4,64.84,66.73,60.76,58.66,58.7,58.04,52.07,55.51,79.14,73.25,53.76,71.54,58.66,51.56,63.25,64,61.66,87.53,59.29,64.11,60.6,63.73,61.81,64.59,59.21,129.58,72.82,61.46,61.45,57.9,59.35,60.9,59.73,58.23,56.7,58.43,Upgrade
Operating Income,22.55,21.48,-26.1,9.81,8.6,5.31,16.72,15.64,9.28,14.02,24,15.31,-19.22,-3.35,20.06,10.42,10.51,30.62,12.54,17.52,13.83,-1.69,19.11,18.67,13.93,22.13,22.02,17.4,16.59,-51.39,9.41,10.83,7,12.44,21.04,19.07,11.73,18.26,24.26,28.19,Upgrade
Interest Expense / Income,4.4,4.11,2.9,1.78,1.52,2.12,1.65,1.21,1.58,1.65,1.6,2.45,2.22,2.43,3.16,2.47,2.72,2.71,2.4,2.44,2.56,2.39,2.52,2.11,2.04,1.63,2.26,2.52,2.77,2.15,2.33,2.04,1.86,1.5,1.68,1.55,1.3,1.66,1.52,1.6,Upgrade
Other Expense / Income,2.19,-0.21,-0.57,-0.56,-0.44,-0.85,-0.99,-0.94,-0.84,0.52,-13.73,0.65,-1.55,-1.45,0.53,2.45,-1.25,3.69,0.42,17.05,-1.27,-0.54,-0.15,-0.46,-0.6,7.2,0.21,0.13,-0.12,-0.36,-0.45,0.02,-0.09,-0.66,-0.08,0.09,-0.52,0.22,0.12,-0.43,Upgrade
Pretax Income,15.95,17.58,-28.43,8.6,7.52,4.04,16.06,15.37,8.54,11.86,36.13,12.21,-19.89,-4.32,16.37,5.5,9.04,24.23,9.72,-1.96,12.54,-3.54,16.74,17.01,12.5,13.3,19.55,14.74,13.94,-53.17,7.53,8.76,5.23,11.6,19.44,17.43,10.94,16.37,22.63,27.02,Upgrade
Income Tax,5.27,31.67,-13.29,2.77,2.43,2.39,4.87,3.59,2.47,2.46,11.73,6.31,-8.49,2.99,5.33,2.86,2.93,12.29,1.83,0.46,3.97,-1.53,4.92,6.81,4.84,5.54,8.61,6.12,5.31,-1.5,8.39,4.71,2.24,8.29,9.24,6.96,4.29,5.55,9.22,10.01,Upgrade
Net Income,10.68,-14.09,-15.14,5.83,5.1,1.65,11.2,11.78,6.06,9.4,24.4,5.9,-11.4,-7.31,11.05,2.64,6.11,11.94,7.9,-2.43,8.57,-2.01,11.81,10.2,7.66,7.76,10.95,8.63,8.63,-51.67,-0.86,4.05,2.99,3.32,10.19,10.46,6.65,10.83,13.41,17.01,Upgrade
Net Income Growth,109.60%,-,-,-50.51%,-15.96%,-82.41%,-54.11%,99.73%,-,-,120.87%,123.24%,-,-,39.89%,-,-28.71%,-,-33.16%,-,11.81%,-,7.93%,18.25%,-11.19%,-,-,112.80%,189.02%,-,-,-61.26%,-55.11%,-69.37%,-23.97%,-38.48%,-31.70%,-23.67%,-26.41%,63.15%,Upgrade
Shares Outstanding (Basic),49,49,48,49,52,52,53,53,53,53,53,53,53,53,53,54,54,55,55,55,56,56,56,56,56,55,56,55,55,55,55,55,55,55,55,55,55,55,55,55,Upgrade
Shares Outstanding (Diluted),49,49,48,49,52,53,54,54,54,54,54,53,53,54,54,54,54,56,56,55,56,57,57,57,57,56,56,56,56,55,55,56,56,56,56,56,56,56,56,55,Upgrade
Shares Change,-5.70%,-6.71%,-10.96%,-9.75%,-3.03%,-1.21%,0.93%,2.66%,0.81%,-0.36%,-0.18%,-2.04%,-2.45%,-3.91%,-3.37%,-1.63%,-3.13%,-1.55%,-1.43%,-3.11%,-1.24%,0.97%,0.52%,1.53%,2.59%,1.69%,1.55%,0.21%,-0.36%,-0.70%,-0.33%,0.40%,0.06%,0.23%,0.21%,0.30%,0.94%,1.06%,0.73%,0.90%,Upgrade
EPS (Basic),0.22,-0.28,-0.31,0.12,0.10,0.03,0.21,0.22,0.11,0.18,0.46,0.11,-0.21,-0.12,0.21,0.06,0.12,0.24,0.15,-0.04,0.16,-0.03,0.22,0.19,0.15,0.14,0.21,0.16,0.17,-0.92,-0.01,0.08,0.06,0.07,0.19,0.19,0.13,0.20,0.25,0.32,Upgrade
EPS (Diluted),0.22,-0.28,-0.31,0.12,0.10,0.04,0.20,0.22,0.11,0.18,0.46,0.11,-0.21,-0.13,0.21,0.06,0.12,0.23,0.15,-0.04,0.16,-0.03,0.22,0.19,0.14,0.15,0.20,0.16,0.16,-0.92,-0.01,0.08,0.06,0.07,0.19,0.19,0.12,0.19,0.25,0.31,Upgrade
EPS Growth,120.00%,-,-,-45.45%,-9.09%,-77.78%,-56.52%,100.00%,-,-,119.05%,83.33%,-,-,40.00%,-,-25.00%,-,-31.82%,-,14.29%,-,10.00%,18.75%,-12.50%,-,-,100.00%,166.67%,-,-,-57.89%,-50.00%,-63.16%,-24.00%,-38.71%,-33.33%,-29.63%,-24.24%,63.16%,Upgrade
Free Cash Flow Per Share,-0.19,0.69,-0.26,-0.11,-0.38,0.46,0.02,0.03,-0.06,0.42,0.68,0.25,-0.29,0.47,0.54,0.06,-0.05,0.58,0.49,-0.22,-0.44,0.22,0.28,-0.10,-0.47,0.70,0.58,0.17,-0.20,0.62,0.01,0.31,-0.42,0.80,0.14,-0.04,-1.28,1.40,-0.03,0.36,Upgrade
Dividend Per Share,-,-,-,-,-,-,0.060,0.060,0.060,0.050,0.040,0.030,0.070,-,0.070,0.070,0.070,0.070,0.070,0.070,0.070,0.070,0.070,0.070,0.070,0.070,0.070,0.070,0.070,0.070,0.070,0.070,0.070,0.070,0.070,0.050,0.050,0.050,0.050,0.040,Upgrade
Dividend Growth,-,-,-,-,-,-,50.00%,100.00%,-14.29%,-,-42.86%,-57.14%,0%,-,0%,0%,0%,0%,0%,0%,0%,0%,0%,0%,0%,0%,0%,0%,0%,0%,0%,40.00%,40.00%,40.00%,40.00%,25.00%,25.00%,-16.67%,25.00%,33.33%,Upgrade
Gross Margin,26.47%,25.20%,24.05%,24.77%,25.52%,23.78%,26.04%,26.87%,25.93%,27.13%,29.07%,29.16%,24.36%,27.14%,27.77%,30.60%,26.98%,29.93%,28.62%,27.80%,25.99%,27.38%,27.35%,29.15%,26.66%,29.24%,28.38%,27.54%,26.06%,26.02%,26.53%,22.28%,22.33%,23.01%,25.53%,26.04%,24.69%,24.94%,25.83%,26.56%,Upgrade
Operating Margin,6.95%,6.44%,-8.52%,3.23%,2.99%,1.75%,5.62%,5.66%,3.54%,5.28%,9.17%,6.30%,-7.81%,-1.30%,7.55%,3.89%,4.10%,11.15%,4.74%,5.98%,4.76%,-0.54%,6.67%,6.57%,4.98%,7.54%,7.45%,5.84%,5.70%,-17.10%,3.04%,3.34%,2.28%,4.07%,6.68%,6.21%,4.05%,5.95%,7.74%,8.64%,Upgrade
Profit Margin,3.29%,-4.23%,-4.94%,1.92%,1.77%,0.55%,3.76%,4.26%,2.31%,3.54%,9.32%,2.43%,-4.63%,-2.84%,4.16%,0.99%,2.38%,4.35%,2.98%,-0.83%,2.95%,-0.64%,4.12%,3.59%,2.74%,2.64%,3.71%,2.90%,2.97%,-17.19%,-0.28%,1.25%,0.97%,1.08%,3.24%,3.41%,2.30%,3.53%,4.28%,5.22%,Upgrade
Free Cash Flow Margin,-2.80%,10.24%,-4.14%,-1.83%,-6.89%,7.90%,0.37%,0.62%,-1.30%,8.33%,13.73%,5.44%,-6.30%,9.59%,10.81%,1.29%,-1.10%,11.61%,10.21%,-4.10%,-8.43%,3.93%,5.51%,-1.99%,-9.53%,13.29%,11.01%,3.13%,-3.85%,11.34%,0.21%,5.34%,-7.60%,14.36%,2.41%,-0.66%,-24.16%,24.91%,-0.54%,5.99%,Upgrade
Effective Tax Rate,33.04%,180.12%,-,32.19%,32.25%,59.10%,30.30%,23.36%,28.95%,20.74%,32.47%,51.69%,-,-,32.54%,51.97%,32.44%,50.72%,18.80%,-,31.64%,-,29.41%,40.04%,38.68%,41.62%,44.02%,41.48%,38.08%,-,111.38%,53.74%,42.87%,71.42%,47.56%,39.95%,39.20%,33.87%,40.75%,37.05%,Upgrade
EBITDA,29.4,30.41,-16.6,19.73,18.14,15.57,27.54,27.05,20.6,23.47,48.43,24.05,-7.6,8.53,29.77,18.2,21.38,37.73,22.77,11.68,26.54,9.86,29.55,29.31,24.72,25.03,31.9,27.53,27,-39.75,20.67,21.4,17.91,22.64,30.64,28.45,21.34,26.96,32.66,36.94,Upgrade
EBITDA Margin,9.06%,9.12%,-5.42%,6.50%,6.30%,5.14%,9.25%,9.78%,7.86%,8.84%,18.51%,9.90%,-3.09%,3.31%,11.20%,6.79%,8.34%,13.74%,8.60%,3.98%,9.14%,3.14%,10.31%,10.32%,8.84%,8.53%,10.80%,9.25%,9.28%,-13.23%,6.67%,6.60%,5.84%,7.41%,9.73%,9.26%,7.38%,8.79%,10.42%,11.33%,Upgrade
Depreciation & Amortization,9.05,8.72,8.92,9.36,9.1,9.41,9.83,10.46,10.48,9.96,10.7,9.39,10.06,10.43,10.24,10.23,9.62,10.8,10.64,11.2,11.44,11.01,10.29,10.18,10.18,10.1,10.09,10.26,10.29,11.28,10.81,10.59,10.82,9.54,9.53,9.47,9.1,8.93,8.51,8.32,Upgrade
EBIT,20.35,21.69,-25.53,10.38,9.04,6.16,17.71,16.58,10.12,13.51,37.73,14.66,-17.66,-1.89,19.54,7.97,11.76,26.93,12.12,0.48,15.1,-1.16,19.26,19.13,14.54,14.93,21.81,17.27,16.71,-51.03,9.86,10.81,7.09,13.1,21.12,18.98,12.24,18.03,24.15,28.62,Upgrade
EBIT Margin,6.27%,6.51%,-8.33%,3.42%,3.14%,2.03%,5.95%,6.00%,3.86%,5.09%,14.42%,6.04%,-7.18%,-0.73%,7.35%,2.98%,4.59%,9.81%,4.58%,0.16%,5.20%,-0.37%,6.72%,6.74%,5.20%,5.09%,7.38%,5.80%,5.74%,-16.98%,3.18%,3.33%,2.31%,4.29%,6.71%,6.18%,4.23%,5.88%,7.70%,8.78%,Upgrade
