Metrics,2023-03-31,2022-12-31,2022-09-30,2022-06-30,2022-03-31,2021-12-31,2021-09-30,2021-06-30,2021-03-31,2020-12-31,2020-09-30,2020-06-30,2020-03-31,2019-12-31,2019-09-30,2019-06-30,2019-03-31,2018-12-31,2018-09-30,2018-06-30,2018-03-31,2017-12-31,2017-09-30,2017-06-30,2017-03-31,2016-12-31,2016-09-30,2016-06-30,2016-03-31,2015-12-31,2015-09-30,2015-06-30,2015-03-31,2014-12-31,2014-09-30,2014-06-30,2014-03-31,2013-12-31,2013-09-30,2013-06-30,+69 Quarters
Revenue,224.75,223.44,212.84,204.31,207.63,210.24,203.11,205.15,197.97,197.5,196.51,198.9,184.91,200.94,198.01,198.79,214.71,186.81,199.9,195.79,189.33,190.76,185.72,183.58,178.97,177.2,175.31,169.85,166.07,163.8,159.8,158.02,154.77,151.59,149.14,145.48,140.34,139.39,138.33,135.51,Upgrade
Revenue Growth (YoY),8.25%,6.28%,4.79%,-0.41%,4.88%,6.45%,3.36%,3.14%,7.06%,-1.71%,-0.76%,0.06%,-13.88%,7.57%,-0.95%,1.53%,13.41%,-2.07%,7.64%,6.65%,5.79%,7.65%,5.94%,8.09%,7.77%,8.18%,9.71%,7.49%,7.30%,8.05%,7.15%,8.62%,10.28%,8.75%,7.81%,7.36%,4.83%,5.68%,6.06%,6.45%,Upgrade
Cost of Revenue,139.45,150.22,156.99,142.9,119.53,140.38,149.43,115.59,120.51,118.35,122.69,107.03,119.09,123.24,133.19,133.48,125.46,145.18,141.78,136.97,157.89,132.03,115.76,129.22,115.27,115.01,112.32,103.95,96.41,103.73,103.12,98.53,96.86,102.74,91.94,98.49,98.03,83.83,85.34,89.86,Upgrade
Gross Profit,85.3,73.23,55.84,61.41,88.09,69.87,53.68,89.56,77.46,79.15,73.82,91.87,65.82,77.7,64.82,65.31,89.25,41.62,58.13,58.82,31.44,58.72,69.95,54.36,63.7,62.18,62.99,65.9,69.66,60.07,56.68,59.49,57.92,48.85,57.2,46.99,42.31,55.56,53,45.65,Upgrade
"Selling, General & Admin",78.41,68.73,68.92,71.41,71.29,62.93,61.88,69.33,63.96,60.11,59.09,63.2,62.53,58.77,57.82,59.13,61.28,60.54,55.64,59.07,58.99,57.67,60.8,56.96,56.17,54.74,55.86,53.13,52.59,50.16,49.19,50.03,47.84,43.77,45.68,43.57,41.78,42.38,42.22,41.04,Upgrade
Other Operating Expenses,0.44,-0.99,0.22,0.35,0.43,-0.96,0.22,0.31,0.43,-0.99,0.18,0.25,0.56,-1.16,0.25,0.34,0.57,-1.6,0.56,0.52,0.53,-1.04,0.18,0.42,0.44,-1.18,0.23,0.32,0.64,6.53,0.3,0.68,0.73,0.6,0.53,0.65,0.96,0.55,0.83,1.41,Upgrade
Operating Expenses,78.85,67.74,69.14,71.75,71.72,61.97,62.1,69.65,64.39,59.12,59.27,63.45,63.1,57.62,58.07,59.47,61.84,58.93,56.2,59.59,59.51,56.64,60.98,57.38,56.61,53.56,56.09,53.45,53.23,56.69,49.49,50.71,48.57,44.37,46.22,44.22,42.74,42.93,43.05,42.45,Upgrade
Operating Income,6.45,5.49,-13.3,-10.34,16.38,7.9,-8.42,19.91,13.06,20.03,14.55,28.42,2.73,20.08,6.75,5.84,27.41,-17.31,1.93,-0.77,-28.07,2.09,8.98,-3.01,7.09,8.62,6.9,12.45,16.43,3.39,7.19,8.78,9.35,4.48,10.98,2.76,-0.43,12.63,9.95,3.2,Upgrade
Interest Expense / Income,0.15,0.16,0.07,0.24,0.15,0.16,0.21,0.22,0.31,0.32,0.22,0.43,0.22,0.27,0.44,0.3,0.57,0.62,0.65,0.57,0.46,0.38,0.47,0.38,0.36,0.37,0.47,0.4,0.41,0.2,0.19,0.39,0.33,0.34,0.37,0.44,0.37,0.38,0.43,0.33,Upgrade
Other Expense / Income,-,1.24,-,-,-,1.22,-,-,-,1.26,-,-,-,1.42,-,-,-,1.72,-,-,-,1.43,-,-,-,1.41,-,-,-,-,-,-,-,-,-,-,-,-,-,-,Upgrade
Pretax Income,6.3,4.08,-13.37,-10.58,16.23,6.52,-8.63,19.7,12.75,18.45,14.33,27.99,2.5,18.39,6.3,5.54,26.85,-19.65,1.28,-1.33,-28.54,0.27,8.51,-3.4,6.72,6.84,6.43,12.05,16.02,3.18,7,8.39,9.02,4.14,10.61,2.32,-0.79,12.25,9.51,2.86,Upgrade
Income Tax,1.09,0.6,-2.99,-2.37,3.08,1.25,-1.92,3.53,2.22,3.88,2.49,5.31,-1.23,4.24,1.12,0.75,3.82,-4.65,0.07,-0.54,-10.36,3.05,1.4,-1.08,1.62,1.28,1.62,3.46,4.17,1.2,1.31,1.93,2.16,-0.34,1.87,0.38,-0.16,2.69,1.86,0.23,Upgrade
Net Income,5.2,3.48,-10.38,-8.21,13.15,5.27,-6.71,16.16,10.53,14.57,11.84,22.68,3.73,14.15,5.19,4.79,23.02,-15,1.21,-0.79,-18.18,-2.78,7.11,-2.32,5.1,5.55,4.81,8.58,11.85,1.98,5.69,6.47,6.85,4.49,8.75,1.94,-0.63,9.56,7.65,2.63,Upgrade
Net Income Growth,-60.41%,-34.01%,-,-,24.84%,-63.81%,-,-28.73%,182.22%,2.93%,128.23%,373.61%,-83.79%,-,329.92%,-,-,-,-83.03%,-,-,-,47.68%,-,-56.92%,179.97%,-15.36%,32.79%,72.87%,-55.78%,-35.00%,233.48%,-,-53.09%,14.31%,-26.26%,-,53.76%,11.91%,29.95%,Upgrade
Shares Outstanding (Basic),33,32,32,31,31,31,31,31,30,30,29,29,29,29,29,28,28,28,28,28,28,27,27,27,27,27,27,26,26,28,28,28,27,27,27,27,26,26,26,26,Upgrade
Shares Change,4.38%,3.63%,3.45%,1.80%,3.60%,5.23%,7.33%,6.32%,4.93%,3.80%,1.88%,1.92%,1.50%,1.12%,0.99%,0.78%,0.80%,3.40%,3.55%,3.56%,3.97%,2.32%,2.73%,4.02%,3.73%,-4.51%,-5.07%,-4.69%,-3.55%,4.24%,5.18%,3.83%,2.51%,2.57%,2.62%,2.65%,3.20%,2.41%,1.25%,0.83%,Upgrade
EPS (Basic),0.16,0.11,-0.33,-0.27,0.43,0.17,-0.23,0.54,0.35,0.50,0.41,0.80,0.13,0.50,0.18,0.17,0.82,-0.54,0.04,-0.02,-0.66,-0.10,0.26,-0.08,0.19,0.21,0.19,0.33,0.46,0.07,0.21,0.24,0.26,0.17,0.33,0.08,-0.02,0.38,0.30,0.10,Upgrade
EPS (Diluted),0.16,0.11,-0.33,-0.27,0.43,0.17,-0.22,0.53,0.35,0.50,0.41,0.79,0.13,0.50,0.18,0.17,0.82,-0.54,0.04,-0.02,-0.66,-0.10,0.26,-0.08,0.18,0.21,0.18,0.32,0.46,0.08,0.20,0.24,0.25,0.17,0.33,0.07,-0.02,0.37,0.30,0.10,Upgrade
EPS Growth,-62.79%,-35.29%,-,-,22.86%,-66.00%,-,-32.91%,169.23%,0%,127.78%,364.71%,-84.15%,-,350.00%,-,-,-,-84.62%,-,-,-,44.44%,-,-60.87%,162.50%,-10.00%,33.33%,84.00%,-52.94%,-39.39%,242.86%,-,-54.05%,10.00%,-30.00%,-,48.00%,11.11%,25.00%,Upgrade
Free Cash Flow Per Share,-0.02,0.53,0.46,0.45,0.66,0.59,-0.02,0.96,1.01,1.10,0.70,1.28,0.37,0.97,0.95,0.30,0.44,0.14,0.84,0.87,0.41,0.66,0.65,0.88,0.74,0.51,0.70,0.58,0.46,0.70,0.51,0.90,0.34,0.68,0.89,0.25,-0.23,0.49,0.59,0.56,Upgrade
Dividend Per Share,0.165,0.165,0.165,0.165,0.160,0.160,0.160,0.160,0.150,0.150,0.150,0.150,0.145,0.145,0.145,0.145,0.142,0.142,0.142,0.142,0.140,0.140,0.140,0.140,0.138,0.138,0.138,0.138,0.135,0.135,0.135,0.135,0.132,0.132,0.132,0.132,0.128,0.128,0.128,0.128,Upgrade
Dividend Growth,3.13%,3.13%,3.13%,3.13%,6.67%,6.67%,6.67%,6.67%,3.45%,3.45%,3.45%,3.45%,2.11%,2.11%,2.11%,2.11%,1.43%,1.43%,1.43%,1.43%,1.45%,1.45%,1.45%,1.45%,2.22%,2.22%,2.22%,2.22%,2.27%,2.27%,2.27%,2.27%,3.13%,3.13%,3.13%,3.13%,4.92%,4.92%,4.92%,4.92%,Upgrade
Gross Margin,37.95%,32.77%,26.24%,30.06%,42.43%,33.23%,26.43%,43.66%,39.13%,40.08%,37.57%,46.19%,35.60%,38.67%,32.74%,32.86%,41.57%,22.28%,29.08%,30.04%,16.61%,30.78%,37.67%,29.61%,35.59%,35.09%,35.93%,38.80%,41.95%,36.67%,35.47%,37.65%,37.42%,32.23%,38.35%,32.30%,30.15%,39.86%,38.31%,33.69%,Upgrade
Operating Margin,2.87%,2.45%,-6.25%,-5.06%,7.89%,3.76%,-4.15%,9.71%,6.60%,10.14%,7.40%,14.29%,1.48%,9.99%,3.41%,2.94%,12.77%,-9.27%,0.96%,-0.39%,-14.83%,1.09%,4.83%,-1.64%,3.96%,4.86%,3.94%,7.33%,9.89%,2.07%,4.50%,5.56%,6.04%,2.96%,7.36%,1.90%,-0.30%,9.06%,7.19%,2.36%,Upgrade
Profit Margin,2.32%,1.56%,-4.88%,-4.02%,6.33%,2.51%,-3.30%,7.88%,5.32%,7.38%,6.02%,11.40%,2.02%,7.04%,2.62%,2.41%,10.72%,-8.03%,0.60%,-0.40%,-9.60%,-1.46%,3.83%,-1.26%,2.85%,3.13%,2.75%,5.05%,7.13%,1.21%,3.56%,4.09%,4.43%,2.96%,5.87%,1.33%,-0.45%,6.86%,5.53%,1.94%,Upgrade
Free Cash Flow Margin,-0.32%,7.70%,7.01%,6.97%,10.01%,8.83%,-0.35%,14.40%,15.44%,16.54%,10.34%,18.74%,5.84%,13.89%,13.75%,4.24%,5.88%,2.11%,11.85%,12.51%,6.09%,9.43%,9.60%,13.04%,11.27%,7.68%,10.66%,8.97%,7.29%,11.95%,8.92%,15.75%,6.01%,12.15%,15.81%,4.48%,-4.36%,9.26%,11.13%,10.75%,Upgrade
Effective Tax Rate,17.36%,14.81%,-,-,18.99%,19.15%,-,17.94%,17.42%,21.04%,17.41%,18.97%,-49.06%,23.05%,17.74%,13.53%,14.24%,-,5.53%,-,-,1113.91%,16.49%,-,24.09%,18.74%,25.13%,28.73%,26.03%,37.67%,18.77%,22.97%,23.97%,-8.30%,17.57%,16.43%,-,21.93%,19.55%,8.15%,Upgrade
EBITDA,7.57,5.33,-12.16,-9.08,17.72,8.02,-7.01,21.34,14.72,20.38,16.16,30.18,4.46,19.93,8.03,7.39,28.87,-17.7,4.12,0.82,-26.57,1.97,10.37,-1.33,8.8,8.43,8.48,14.26,18.41,7.24,8.12,9.64,10.45,5.38,11.91,3.66,0.37,13.24,10.65,4.03,Upgrade
EBITDA Margin,3.37%,2.39%,-5.71%,-4.44%,8.54%,3.82%,-3.45%,10.40%,7.43%,10.32%,8.23%,15.17%,2.41%,9.92%,4.06%,3.72%,13.45%,-9.48%,2.06%,0.42%,-14.03%,1.03%,5.58%,-0.72%,4.92%,4.76%,4.83%,8.40%,11.09%,4.42%,5.08%,6.10%,6.75%,3.55%,7.99%,2.52%,0.26%,9.50%,7.70%,2.97%,Upgrade
Depreciation & Amortization,1.12,1.09,1.14,1.26,1.34,1.35,1.41,1.43,1.65,1.61,1.61,1.76,1.74,1.27,1.29,1.55,1.46,1.32,2.19,1.59,1.5,1.32,1.39,1.68,1.71,1.22,1.57,1.81,1.98,3.85,0.93,0.86,1.1,0.9,0.93,0.9,0.79,0.61,0.71,0.83,Upgrade
EBIT,6.45,4.24,-13.3,-10.34,16.38,6.68,-8.42,19.91,13.06,18.77,14.55,28.42,2.73,18.66,6.75,5.84,27.41,-19.03,1.93,-0.77,-28.07,0.65,8.98,-3.01,7.09,7.21,6.9,12.45,16.43,3.39,7.19,8.78,9.35,4.48,10.98,2.76,-0.43,12.63,9.95,3.2,Upgrade
EBIT Margin,2.87%,1.90%,-6.25%,-5.06%,7.89%,3.18%,-4.15%,9.71%,6.60%,9.51%,7.40%,14.29%,1.48%,9.29%,3.41%,2.94%,12.77%,-10.18%,0.96%,-0.39%,-14.83%,0.34%,4.83%,-1.64%,3.96%,4.07%,3.94%,7.33%,9.89%,2.07%,4.50%,5.56%,6.04%,2.96%,7.36%,1.90%,-0.30%,9.06%,7.19%,2.36%,Upgrade
