Metrics,2023-03-31,2022-12-31,2022-09-30,2022-06-30,2022-03-31,2021-12-31,2021-09-30,2021-06-30,2021-03-31,2020-12-31,2020-09-30,2020-06-30,2020-03-31,2019-12-31,2019-09-30,2019-06-30,2019-03-31,2018-12-31,2018-09-30,2018-06-30,2018-03-31,2017-12-31,2017-09-30,2017-06-30,2017-03-31,2016-12-31,2016-09-30,2016-06-30,2016-03-31,2015-12-31,2015-09-30,2015-06-30,2015-03-31,2014-12-31,2014-09-30,2014-06-30,2014-03-31,2013-12-31,2013-09-30,2013-06-30,+49 Quarters
Revenue,33.99,34.95,38.26,39.02,42.26,43.06,55.05,45.07,39.01,35.04,31.18,28.25,31.93,35.91,34.59,33.55,32.58,34.45,37.47,35.93,37.78,37.85,36.77,35.54,35.13,40.04,32.94,32.67,30.46,32.3,31.42,31.38,29.32,28.47,27.46,25.44,23.19,22.32,20.82,19.91,Upgrade
Revenue Growth (YoY),-19.56%,-18.82%,-30.50%,-13.42%,8.31%,22.88%,76.59%,59.54%,22.20%,-2.42%,-9.88%,-15.79%,-2.01%,4.24%,-7.68%,-6.63%,-13.77%,-8.99%,1.90%,1.08%,7.54%,-5.47%,11.64%,8.79%,15.35%,23.95%,4.82%,4.10%,3.89%,13.45%,14.44%,23.36%,26.43%,27.54%,31.89%,27.75%,26.20%,31.14%,23.49%,23.22%,Upgrade
Cost of Revenue,16.36,17.38,17.26,17.22,18.65,17.4,20.43,18.94,16.81,16.61,13.7,12.56,15.42,16.65,15.71,14.34,13.56,11.57,15.44,14.57,14.39,10.04,14.45,14.31,13.68,13.77,12.71,13.38,12.4,9.56,12.94,12.67,12.78,5.92,13.37,12.73,11.87,10.16,10.82,10.36,Upgrade
Gross Profit,17.63,17.58,21.01,21.8,23.61,25.65,34.62,26.13,22.2,18.42,17.47,15.69,16.51,19.26,18.88,19.2,19.02,22.87,22.03,21.36,23.39,27.81,22.33,21.23,21.45,26.27,20.22,19.29,18.06,22.74,18.48,18.71,16.53,22.55,14.09,12.71,11.32,12.16,10,9.56,Upgrade
"Selling, General & Admin",5.94,6.08,6.02,6.24,5.72,6.55,6.3,6.85,5.56,5.76,5.54,4.84,4.2,5.37,5.76,5.84,5.48,5.21,5.11,5.01,5.19,7.03,5.44,5.26,5.62,6.74,5.08,4.59,4.35,5.48,4.34,4.59,3.34,4.32,3.1,3.04,2.75,2.73,2.53,2.4,Upgrade
Other Operating Expenses,0.74,2.52,-1.05,-4.69,-1.18,2.46,0,1.51,3.1,4.59,1.96,3.83,-8.16,1.93,0.36,1.28,2.41,-2.12,0,0,0,2.38,0,0,0,0,0,0,0,0,0,0,0,0,0,0,0,0,0,0,Upgrade
Operating Expenses,6.69,8.6,4.97,1.55,4.54,9.01,6.3,8.36,8.67,10.35,7.5,8.66,-3.96,7.29,6.12,7.12,7.89,3.09,5.11,5.01,5.19,9.41,5.44,5.26,5.62,6.74,5.08,4.59,4.35,5.48,4.34,4.59,3.34,4.32,3.1,3.04,2.75,2.73,2.53,2.4,Upgrade
Operating Income,10.94,8.97,16.03,20.25,19.07,16.64,28.32,17.77,13.53,8.08,9.97,7.03,20.47,11.97,12.76,12.08,11.13,19.79,16.92,16.35,18.2,18.41,16.89,15.97,15.84,19.53,15.14,14.7,13.7,17.26,14.14,14.12,13.19,18.23,10.98,9.67,8.57,9.43,7.47,7.15,Upgrade
Other Expense / Income,-6.69,-10.98,-0.42,14.48,6.74,-6.65,-7.12,-5.12,-5.11,-10.82,-4.48,-10.12,18.34,-5.77,-2.72,-5.56,-11.66,10.76,-4.02,-3.04,1.51,-3.89,-2.31,-2.7,-3.42,-2.29,-5.99,-0.64,-0.73,-0.97,3.51,-0.46,-1.34,-2.07,1.01,-1.32,-0.52,-1.48,-0.91,-0.73,Upgrade
Pretax Income,17.63,19.96,16.46,5.77,12.34,23.28,35.44,22.88,18.64,18.89,14.45,17.15,2.13,17.73,15.48,17.64,22.8,9.03,20.93,19.39,16.69,22.29,19.2,18.66,19.25,21.82,21.13,15.34,14.44,18.24,10.63,14.58,14.54,20.3,9.98,11,9.09,10.92,8.38,7.88,Upgrade
Income Tax,4.92,5.08,4.44,1.36,3.21,5.28,9.82,6.02,4.93,4.53,3.88,4.95,0.6,4.32,4.06,4.44,5.86,4.22,5.73,5.02,3.7,10.4,6.5,6.02,6.5,8.17,7.7,5.62,5.17,6.58,3.9,5.4,5.03,7.75,3.63,4.07,3.34,4.17,3.02,3.17,Upgrade
Net Income,12.71,14.88,12.01,4.41,9.13,18,25.63,16.86,13.71,14.36,10.57,12.2,1.53,13.41,11.42,13.2,16.93,4.81,15.21,14.37,12.99,11.89,12.7,12.64,12.76,13.65,13.43,9.71,9.27,11.66,6.73,9.18,9.51,12.55,6.35,6.93,5.75,6.75,5.36,4.71,Upgrade
Net Income Growth,39.19%,-17.35%,-53.12%,-73.83%,-33.40%,25.31%,142.56%,38.23%,795.92%,7.09%,-7.46%,-7.54%,-90.96%,178.99%,-24.92%,-8.18%,30.36%,-59.58%,19.76%,13.70%,1.82%,-12.83%,-5.42%,30.10%,37.68%,17.07%,99.55%,5.84%,-2.60%,-7.15%,5.95%,32.48%,65.45%,85.94%,18.44%,47.04%,7.86%,39.92%,28.68%,41.57%,Upgrade
Shares Outstanding (Basic),3,3,3,3,3,3,3,3,3,3,3,3,3,3,3,3,3,4,4,4,3,3,3,3,3,3,3,3,3,3,3,3,3,3,3,3,3,3,3,3,Upgrade
Shares Outstanding (Diluted),3,3,3,3,3,3,3,3,3,3,3,3,3,3,3,3,3,4,4,4,3,3,3,3,3,3,3,3,3,3,3,3,3,3,3,3,3,3,3,3,Upgrade
Shares Change,-5.05%,-4.98%,-3.57%,-1.36%,0.92%,0.25%,-0.26%,-0.76%,-3.54%,-5.92%,-6.18%,-7.40%,-6.40%,-4.31%,-3.42%,-1.18%,0.13%,1.48%,2.05%,2.05%,1.65%,1.18%,1.21%,0.99%,1.24%,0.84%,1.21%,1.42%,2.95%,3.37%,3.00%,3.03%,2.02%,1.54%,2.15%,0.62%,1.05%,2.38%,1.85%,4.74%,Upgrade
EPS (Basic),4.20,4.87,3.90,1.40,2.87,5.68,8.03,5.28,4.34,4.51,3.30,3.79,0.47,3.99,3.35,3.79,4.85,1.37,4.31,4.08,3.72,3.42,3.68,3.67,3.72,4.00,3.93,2.85,2.73,3.53,2.04,2.79,2.96,3.92,1.98,2.17,1.82,2.14,1.70,1.45,Upgrade
EPS (Diluted),4.20,4.87,3.90,1.40,2.87,5.68,8.03,5.28,4.34,4.51,3.30,3.79,0.47,3.99,3.35,3.79,4.84,1.37,4.31,4.08,3.72,3.43,3.67,3.66,3.71,3.99,3.93,2.84,2.73,3.44,1.99,2.73,2.89,3.83,1.94,2.12,1.78,2.10,1.67,1.45,Upgrade
EPS Growth,46.34%,-14.26%,-51.43%,-73.48%,-33.87%,25.94%,143.33%,39.31%,823.40%,13.03%,-1.49%,0%,-90.29%,191.24%,-22.27%,-7.11%,30.11%,-60.06%,17.44%,11.48%,0.27%,-14.04%,-6.62%,28.87%,35.90%,15.99%,97.49%,4.03%,-5.54%,-10.18%,2.58%,28.77%,62.36%,82.38%,16.17%,46.21%,6.59%,37.25%,26.52%,35.51%,Upgrade
Free Cash Flow Per Share,-4.56,7.70,5.11,4.49,-4.30,3.44,3.80,5.71,-5.09,6.59,4.88,5.89,0.57,4.99,3.16,3.65,4.58,5.24,4.78,3.14,-5.44,5.69,5.36,4.18,2.10,3.45,-2.79,6.29,-1.22,4.81,5.52,4.51,0.48,5.09,4.74,4.99,-2.02,4.10,4.45,2.93,Upgrade
Dividend Per Share,1.500,5.500,1.500,1.500,1.500,20.000,1.000,1.000,1.000,12.000,-,-,-,9.000,-,-,-,8.000,-,-,-,7.000,-,-,-,6.000,-,-,-,5.000,-,-,-,4.000,-,-,-,3.000,-,-,Upgrade
Dividend Growth,0%,-72.50%,50.00%,50.00%,50.00%,66.67%,-,-,-,33.33%,-,-,-,12.50%,-,-,-,14.29%,-,-,-,16.67%,-,-,-,20.00%,-,-,-,25.00%,-,-,-,33.33%,-,-,-,-62.50%,-,-,Upgrade
Gross Margin,51.86%,50.29%,54.89%,55.86%,55.87%,59.58%,62.89%,57.98%,56.90%,52.59%,56.04%,55.55%,51.71%,53.63%,54.57%,57.25%,58.39%,66.40%,58.79%,59.44%,61.92%,73.49%,60.71%,59.73%,61.07%,65.61%,61.40%,59.04%,59.29%,70.41%,58.82%,59.63%,56.39%,79.19%,51.31%,49.98%,48.80%,54.47%,48.04%,47.99%,Upgrade
Operating Margin,32.19%,25.67%,41.90%,51.90%,45.14%,38.64%,51.44%,39.42%,34.68%,23.05%,31.98%,24.88%,64.10%,33.32%,36.88%,36.01%,34.17%,57.44%,45.14%,45.51%,48.18%,48.63%,45.92%,44.92%,45.07%,48.77%,45.96%,44.99%,45.00%,53.44%,45.00%,45.00%,45.00%,64.03%,40.00%,38.02%,36.96%,42.26%,35.88%,35.91%,Upgrade
Profit Margin,37.39%,42.56%,31.40%,11.31%,21.61%,41.81%,46.55%,37.42%,35.14%,41.00%,33.89%,43.19%,4.79%,37.36%,33.01%,39.34%,51.97%,13.96%,40.59%,40.00%,34.38%,31.43%,34.53%,35.56%,36.31%,34.08%,40.76%,29.74%,30.42%,36.08%,21.41%,29.25%,32.45%,44.09%,23.13%,27.23%,24.79%,30.24%,25.75%,23.66%,Upgrade
Free Cash Flow Margin,-40.58%,66.41%,41.10%,36.25%,-32.42%,25.36%,22.03%,40.47%,-41.20%,59.52%,50.15%,67.11%,5.88%,46.78%,31.17%,37.83%,49.07%,53.47%,45.00%,30.72%,-50.21%,52.10%,50.36%,40.49%,20.45%,29.40%,-28.88%,65.69%,-13.57%,49.21%,57.89%,47.27%,5.32%,57.44%,55.30%,62.75%,-27.54%,58.08%,67.52%,47.74%,Upgrade
Effective Tax Rate,27.92%,25.46%,26.99%,23.53%,25.99%,22.69%,27.69%,26.30%,26.46%,23.97%,26.87%,28.87%,28.01%,24.36%,26.25%,25.19%,25.72%,46.76%,27.36%,25.88%,22.18%,46.64%,33.85%,32.28%,33.74%,37.45%,36.45%,36.67%,35.82%,36.09%,36.70%,37.05%,34.57%,38.18%,36.35%,36.99%,36.74%,38.16%,36.04%,40.21%,Upgrade
EBITDA,17.96,20.29,16.79,6.12,12.7,23.63,35.8,23.24,18.86,19.14,14.69,17.4,2.39,18.01,15.8,17.92,23.08,9.32,21.23,19.68,16.98,22.52,19.42,18.88,19.47,22.03,21.29,15.51,14.6,18.41,10.8,14.75,14.65,20.39,10.05,11.07,9.16,10.99,8.45,7.97,Upgrade
EBITDA Margin,52.83%,58.05%,43.87%,15.69%,30.05%,54.89%,65.02%,51.57%,48.34%,54.61%,47.12%,61.58%,7.49%,50.15%,45.68%,53.43%,70.84%,27.06%,56.65%,54.77%,44.94%,59.51%,52.82%,53.11%,55.42%,55.02%,64.64%,47.48%,47.94%,56.99%,34.38%,47.01%,49.95%,71.62%,36.59%,43.50%,39.52%,49.22%,40.60%,40.00%,Upgrade
Depreciation & Amortization,0.33,0.33,0.33,0.35,0.36,0.35,0.35,0.36,0.22,0.24,0.24,0.24,0.27,0.27,0.32,0.29,0.28,0.29,0.29,0.29,0.29,0.23,0.23,0.21,0.22,0.22,0.16,0.17,0.16,0.17,0.17,0.17,0.11,0.09,0.07,0.07,0.08,0.07,0.07,0.09,Upgrade
EBIT,17.63,19.96,16.46,5.77,12.34,23.28,35.44,22.88,18.64,18.89,14.45,17.15,2.13,17.73,15.48,17.64,22.8,9.03,20.93,19.39,16.69,22.29,19.2,18.66,19.25,21.82,21.13,15.34,14.44,18.24,10.63,14.58,14.54,20.3,9.98,11,9.09,10.92,8.38,7.88,Upgrade
EBIT Margin,51.86%,57.10%,43.01%,14.79%,29.19%,54.08%,64.38%,50.77%,47.78%,53.92%,46.34%,60.72%,6.66%,49.39%,44.75%,52.58%,69.97%,26.22%,55.87%,53.96%,44.18%,58.90%,52.20%,52.51%,54.80%,54.49%,64.14%,46.95%,47.40%,56.46%,33.82%,46.46%,49.59%,71.32%,36.34%,43.22%,39.19%,48.90%,40.27%,39.57%,Upgrade
