Metrics,2023-03-31,2022-12-31,2022-09-30,2022-06-30,2022-03-31,2021-12-31,2021-09-30,2021-06-30,2021-03-31,2020-12-31,2020-09-30,2020-06-30,2020-03-31,2019-12-31,2019-09-30,2019-06-30,2019-03-31,2018-12-31,2018-09-30,2018-06-30,2018-03-31,2017-12-31,2017-09-30,2017-06-30,2017-03-31,2016-12-31,2016-09-30,2016-06-30,2016-03-31,2015-12-31,2015-09-30,2015-06-30,2015-03-31,2014-12-31,2014-09-30,2014-06-30,2014-03-31,2013-12-31,2013-09-30,2013-06-30,+70 Quarters
Revenue,152.24,153.59,133.07,123.15,123.87,128.35,95.22,100.61,90.37,86.49,61.9,56.2,54.51,74.69,74.78,71.96,60.1,59.18,54.24,56.35,53.84,55.61,51.58,50.15,44.23,43.86,38.96,40.45,37.67,39.01,34.36,32.94,34.32,33.57,33.71,31.27,29.96,32.68,34.13,38.2,Upgrade
Revenue Growth (YoY),22.90%,19.66%,39.74%,22.40%,37.08%,48.40%,53.83%,79.02%,65.77%,15.80%,-17.22%,-21.90%,-9.29%,26.22%,37.86%,27.69%,11.62%,6.41%,5.17%,12.36%,21.72%,26.78%,32.37%,23.98%,17.41%,12.44%,13.38%,22.82%,9.78%,16.19%,1.95%,5.33%,14.56%,2.74%,-1.24%,-18.15%,-16.10%,9.28%,2.25%,10.11%,Upgrade
Gross Profit,152.24,153.59,133.07,123.15,123.87,128.35,95.22,100.61,90.37,86.49,61.9,56.2,54.51,74.69,74.78,71.96,60.1,59.18,54.24,56.35,53.84,55.61,51.58,50.15,44.23,43.86,38.96,40.45,37.67,39.01,34.36,32.94,34.32,33.57,33.71,31.27,29.96,32.68,34.13,38.2,Upgrade
"Selling, General & Admin",50.27,46.02,45.04,43.45,43.67,41.17,41.55,34.51,36.2,32.35,27.62,27.72,27.11,25.7,26.08,26.33,23.9,20.76,20.33,20.46,20.36,19.17,18.91,19.87,18.77,15.62,14.95,15.46,15.43,14.53,14.22,14.02,14.24,14.06,14.64,14.65,14.88,17.39,13.61,13.4,Upgrade
Other Operating Expenses,30.71,31.13,23.8,21.98,19.13,22.52,35.34,17.95,16.68,18.7,11.91,10.19,11.56,12.66,12.16,22.72,15.94,9.98,9.6,8.76,8.78,9.1,8.49,12.78,7.97,7.56,5.87,5.9,5.33,8.36,5.71,5.44,5.71,10.73,6.48,5.79,6.22,10.81,7.4,7.75,Upgrade
Operating Expenses,80.98,77.15,68.84,65.42,62.8,63.69,76.89,52.46,52.88,51.05,39.52,37.91,38.67,38.35,38.24,49.05,39.84,30.75,29.92,29.22,29.14,28.26,27.4,32.65,26.74,23.18,20.81,21.35,20.76,22.89,19.93,19.46,19.95,24.8,21.12,20.45,21.1,28.2,21.01,21.15,Upgrade
Operating Income,71.26,76.44,64.23,57.73,61.07,64.66,18.34,48.16,37.48,35.44,22.38,18.29,15.84,36.34,36.54,22.9,20.26,28.43,24.32,27.13,24.7,27.35,24.17,17.5,17.5,20.68,18.15,19.1,16.91,16.12,14.43,13.48,14.37,8.78,12.59,10.82,8.86,4.48,13.12,17.06,Upgrade
Pretax Income,71.26,76.44,64.23,57.73,61.07,64.66,18.34,48.16,37.48,35.44,22.38,18.29,15.84,36.34,36.54,22.9,20.26,28.43,24.32,27.13,24.7,27.35,24.17,17.5,17.5,20.68,18.15,19.1,16.91,16.12,14.43,13.48,14.37,8.78,12.59,10.82,8.86,4.48,13.12,17.06,Upgrade
Income Tax,15.52,16.44,14.03,12.58,13.38,13.85,4.43,9.75,7.56,6.51,4.43,3.66,2.97,7.25,7.47,4.48,4.1,4.9,1.8,4.88,3.78,19.82,7.86,5.55,5.11,7.05,6.32,6.75,5.89,5.45,4.72,4.76,5.02,2.81,4.39,3.66,3.01,0.86,4.71,6.02,Upgrade
Net Income,55.74,60,50.2,45.15,47.69,50.81,13.91,38.41,29.93,28.93,17.95,14.63,12.87,29.09,29.07,18.42,16.16,23.53,22.52,22.25,20.92,7.53,16.32,11.96,12.39,13.63,11.83,12.35,11.03,10.68,9.71,8.72,9.35,5.97,8.2,7.16,5.85,3.62,8.41,11.03,Upgrade
Preferred Dividends,0.94,0.94,0.94,0.94,1.23,0,0,0,0,0,0,0,0,0,0,0,0,0,0,0,0,0,0,0,0,0,0,0,0,0,0,0,0,0,0,0,0,0,0,0,Upgrade
Net Income Common,54.8,59.06,49.26,44.21,46.46,50.81,13.91,38.41,29.93,28.93,17.95,14.63,12.87,29.09,29.07,18.42,16.16,23.53,22.52,22.25,20.92,7.53,16.32,11.96,12.39,13.63,11.83,12.35,11.03,10.68,9.71,8.72,9.35,5.97,8.2,7.16,5.85,3.62,8.41,11.03,Upgrade
Net Income Growth,17.94%,16.24%,254.08%,15.12%,55.26%,75.63%,-22.49%,162.44%,132.56%,-0.55%,-38.25%,-20.57%,-20.35%,23.63%,29.10%,-17.20%,-22.78%,212.51%,38.01%,86.12%,68.84%,-44.75%,37.89%,-3.21%,12.39%,27.61%,21.87%,41.72%,17.96%,78.97%,18.43%,21.73%,59.82%,64.79%,-2.52%,-35.10%,-41.75%,-12.81%,15.49%,35.84%,Upgrade
Shares Outstanding (Basic),37,37,37,37,38,38,39,31,31,26,26,26,27,27,27,27,23,23,23,23,23,23,23,23,23,20,20,20,20,20,20,20,20,20,20,20,19,19,18,18,Upgrade
Shares Change,-1.43%,-2.99%,-3.64%,19.14%,21.12%,46.40%,47.39%,19.49%,17.55%,-1.17%,-2.51%,-2.68%,16.12%,14.93%,16.12%,16.31%,-1.24%,0.04%,-1.33%,-1.58%,-1.16%,15.26%,17.21%,17.28%,16.17%,-0.06%,0.30%,0.43%,1.68%,1.20%,0.93%,0.92%,2.21%,2.64%,8.42%,9.10%,7.61%,7.31%,2.03%,1.53%,Upgrade
EPS (Basic),1.47,1.58,1.32,1.19,1.23,1.38,0.38,1.23,0.96,1.03,0.68,0.56,0.49,1.10,1.09,0.69,0.68,1.02,0.97,0.96,0.91,0.33,0.70,0.51,0.57,0.68,0.59,0.62,0.55,0.53,0.49,0.44,0.47,0.31,0.41,0.36,0.30,0.17,0.45,0.61,Upgrade
EPS (Diluted),1.46,1.58,1.32,1.19,1.23,1.38,0.38,1.23,0.96,1.03,0.68,0.56,0.48,1.10,1.08,0.68,0.67,1.02,0.97,0.95,0.90,0.32,0.69,0.50,0.56,0.67,0.59,0.61,0.54,0.52,0.48,0.43,0.46,0.28,0.41,0.36,0.30,0.18,0.44,0.58,Upgrade
EPS Growth,18.70%,14.49%,247.37%,-3.25%,28.13%,33.98%,-44.12%,119.64%,100.00%,-6.36%,-37.04%,-17.65%,-28.36%,7.84%,11.34%,-28.42%,-25.56%,218.75%,40.58%,90.00%,60.71%,-52.24%,16.95%,-18.03%,3.70%,28.85%,22.92%,41.86%,17.39%,85.71%,17.07%,19.44%,53.33%,55.56%,-6.82%,-37.93%,-43.40%,-21.74%,12.82%,31.82%,Upgrade
Free Cash Flow Per Share,1.84,0.76,2.00,1.73,1.31,1.41,1.03,2.19,-0.13,1.32,1.57,0.98,1.19,0.89,1.65,0.14,0.63,2.09,0.33,1.22,0.94,1.36,0.88,0.96,-1.33,2.66,0.99,0.17,0.18,0.31,1.07,0.99,-0.11,0.04,1.24,0.61,-0.40,0.89,0.29,0.23,Upgrade
Dividend Per Share,0.250,0.240,0.230,0.220,0.210,0.200,0.190,0.180,0.180,0.180,0.180,0.180,0.180,0.170,0.160,0.150,0.140,0.130,0.120,0.110,0.110,0.110,0.110,0.110,0.110,0.110,0.110,0.100,0.090,0.080,0.070,0.060,0.052,0.052,0.052,0.052,0.052,0.052,0.052,0.052,Upgrade
Dividend Growth,19.05%,20.00%,21.05%,22.22%,16.67%,11.11%,5.56%,0%,0%,5.88%,12.50%,20.00%,28.57%,30.77%,33.33%,36.36%,27.27%,18.18%,9.09%,0%,0%,0%,0%,10.00%,22.22%,37.50%,57.14%,66.67%,73.08%,53.85%,34.62%,15.38%,0%,0%,0%,0%,0%,0%,0%,0%,Upgrade
Gross Margin,100.00%,100.00%,100.00%,100.00%,100.00%,100.00%,100.00%,100.00%,100.00%,100.00%,100.00%,100.00%,100.00%,100.00%,100.00%,100.00%,100.00%,100.00%,100.00%,100.00%,100.00%,100.00%,100.00%,100.00%,100.00%,100.00%,100.00%,100.00%,100.00%,100.00%,100.00%,100.00%,100.00%,100.00%,100.00%,100.00%,100.00%,100.00%,100.00%,100.00%,Upgrade
Operating Margin,46.81%,49.77%,48.26%,46.87%,49.30%,50.37%,19.26%,47.86%,41.48%,40.98%,36.15%,32.54%,29.06%,48.65%,48.86%,31.83%,33.71%,48.04%,44.83%,48.15%,45.87%,49.18%,46.87%,34.89%,39.56%,47.15%,46.58%,47.21%,44.89%,41.33%,42.00%,40.92%,41.87%,26.15%,37.34%,34.62%,29.56%,13.71%,38.45%,44.65%,Upgrade
Profit Margin,35.99%,38.46%,37.02%,35.90%,37.51%,39.59%,14.61%,38.17%,33.12%,33.45%,29.00%,26.04%,23.61%,38.95%,38.87%,25.60%,26.88%,39.76%,41.51%,39.49%,38.86%,13.54%,31.63%,23.84%,28.01%,31.07%,30.37%,30.53%,29.26%,27.38%,28.25%,26.46%,27.23%,17.77%,24.32%,22.90%,19.52%,11.08%,24.64%,28.88%,Upgrade
Free Cash Flow Margin,45.02%,18.48%,55.82%,52.23%,39.90%,42.13%,41.85%,67.90%,-4.61%,40.05%,66.69%,45.70%,58.05%,31.54%,59.15%,5.40%,24.03%,81.58%,13.91%,49.88%,40.57%,56.63%,39.82%,44.77%,-70.61%,121.35%,51.02%,8.18%,9.59%,15.94%,62.18%,59.96%,-6.57%,2.48%,72.83%,38.34%,-25.96%,52.26%,15.66%,11.12%,Upgrade
Effective Tax Rate,21.78%,21.50%,21.84%,21.79%,21.91%,21.41%,24.13%,20.25%,20.16%,18.36%,19.79%,19.99%,18.76%,19.94%,20.44%,19.56%,20.25%,17.23%,7.41%,17.99%,15.30%,72.47%,32.50%,31.69%,29.18%,34.10%,34.80%,35.33%,34.81%,33.77%,32.72%,35.33%,34.95%,32.03%,34.86%,33.85%,33.96%,19.17%,35.91%,35.32%,Upgrade
EBITDA,73.77,79.04,66.91,60.47,63.98,67.69,21.38,50.93,40.48,38.44,25.28,21.2,18.85,39.42,39.56,26.06,22.26,29.93,25.85,28.62,26.2,28.89,25.73,19.46,18.33,21.69,18.94,19.88,17.69,16.88,15.21,14.28,15.14,9.63,13.5,11.64,9.77,5.69,14.31,18.13,Upgrade
EBITDA Margin,48.46%,51.46%,50.28%,49.11%,51.65%,52.73%,22.45%,50.62%,44.79%,44.44%,40.84%,37.73%,34.59%,52.78%,52.90%,36.22%,37.04%,50.58%,47.66%,50.79%,48.67%,51.96%,49.88%,38.80%,41.44%,49.44%,48.61%,49.14%,46.95%,43.28%,44.25%,43.37%,44.12%,28.67%,40.06%,37.21%,32.62%,17.42%,41.92%,47.44%,Upgrade
Depreciation & Amortization,2.51,2.6,2.69,2.75,2.9,3.03,3.04,2.77,3,3,2.9,2.91,3.02,3.08,3.02,3.16,2,1.51,1.54,1.49,1.51,1.54,1.56,1.96,0.83,1.01,0.79,0.78,0.78,0.76,0.77,0.81,0.77,0.85,0.92,0.81,0.92,1.21,1.19,1.07,Upgrade
EBIT,71.26,76.44,64.23,57.73,61.07,64.66,18.34,48.16,37.48,35.44,22.38,18.29,15.84,36.34,36.54,22.9,20.26,28.43,24.32,27.13,24.7,27.35,24.17,17.5,17.5,20.68,18.15,19.1,16.91,16.12,14.43,13.48,14.37,8.78,12.59,10.82,8.86,4.48,13.12,17.06,Upgrade
EBIT Margin,46.81%,49.77%,48.26%,46.87%,49.30%,50.37%,19.26%,47.86%,41.48%,40.98%,36.15%,32.54%,29.06%,48.65%,48.86%,31.83%,33.71%,48.04%,44.83%,48.15%,45.87%,49.18%,46.87%,34.89%,39.56%,47.15%,46.58%,47.21%,44.89%,41.33%,42.00%,40.92%,41.87%,26.15%,37.34%,34.62%,29.56%,13.71%,38.45%,44.65%,Upgrade
