Metrics,2023-03-31,2022-12-31,2022-09-30,2022-06-30,2022-03-31,2021-12-31,2021-09-30,2021-06-30,2021-03-31,2020-12-31,2020-09-30,2020-06-30,2020-03-31,2019-12-31,2019-09-30,2019-06-30,2019-03-31,2018-12-31,2018-09-30,2018-06-30,2018-03-31,2017-12-31,2017-09-30,2017-06-30,2017-03-31,2016-12-31,2016-09-30,2016-06-30,2016-03-31,2015-12-31,2015-09-30,2015-06-30,2015-03-31,2014-12-31,2014-09-30,2014-06-30,2014-03-31,2013-12-31,2013-09-30,2013-06-30,+2 Quarters
Revenue,256.25,230.04,261.77,244.41,264.61,256.92,283.54,243.26,244.8,247.2,243.04,236.08,228.84,228.76,226.39,211.89,200.53,193.12,185,173.77,167.46,161.11,150.2,137.61,127.59,126.37,121.25,108.17,102.47,97.48,91.74,84.07,80.01,72.74,64.62,54.28,47.82,42.35,36.46,29.56,Upgrade
Revenue Growth (YoY),-3.16%,-10.46%,-7.68%,0.47%,8.09%,3.93%,16.66%,3.04%,6.97%,8.06%,7.36%,11.41%,14.12%,18.45%,22.37%,21.94%,19.74%,19.87%,23.17%,26.28%,31.25%,27.49%,23.87%,27.22%,24.52%,29.65%,32.18%,28.67%,28.06%,34.00%,41.96%,54.87%,67.31%,71.75%,77.26%,83.61%,107.64%,130.02%,-,-,Upgrade
Cost of Revenue,-0.18,4.1,4.25,-76.2,-106.86,-3.43,-7.48,9.65,32.32,62.07,55.28,175.88,8.06,10.93,9.99,4.96,7.11,-1,5.45,1.81,5.31,17.46,4.31,1.77,3.69,3.87,4.97,2.96,3.73,4.2,3.39,2.31,2,3.05,1.39,0.97,0.9,0.69,0.32,0.58,Upgrade
Gross Profit,256.43,225.94,257.52,320.61,371.47,260.35,291.02,233.61,212.48,185.13,187.76,60.2,220.78,217.83,216.4,206.93,193.42,194.12,179.55,171.96,162.15,143.65,145.89,135.84,123.9,122.51,116.29,105.2,98.74,93.28,88.34,81.75,78.01,69.69,63.23,53.32,46.92,41.66,36.14,28.98,Upgrade
"Selling, General & Admin",48.2,46.9,42.14,41.9,40.8,41.23,42.27,41.11,42.24,36.83,37.1,38.82,41.95,41.23,41.59,41.52,41.03,39.45,36.9,36.43,38.12,36.48,37.04,35.69,36.33,34.84,32.79,31.41,31.39,29.63,28.71,27.15,27.5,25.66,24.47,23.65,23.46,22.3,18.24,15.56,Upgrade
Operating Expenses,48.2,46.9,42.14,41.9,40.8,41.23,42.27,41.11,42.24,36.83,37.1,38.82,41.95,41.23,41.59,41.52,41.03,39.45,36.9,36.43,38.12,36.48,37.04,35.69,36.33,34.84,32.79,31.41,31.39,29.63,28.71,27.15,27.5,25.66,24.47,23.65,23.46,22.3,18.24,15.56,Upgrade
Operating Income,208.23,179.04,215.37,278.71,330.67,219.12,248.75,192.5,170.24,148.3,150.66,21.38,178.83,176.6,174.81,165.41,152.39,154.67,142.65,135.53,124.03,107.17,108.86,100.15,87.57,87.67,83.5,73.79,67.35,63.65,59.63,54.61,50.51,44.04,38.76,29.67,23.46,19.36,17.9,13.43,Upgrade
Interest Expense / Income,6.94,6.05,4.45,2.89,2.23,2.1,2.06,2.07,2.05,2.15,2.23,2.57,2.13,2.22,2.58,2.68,2.67,2.61,2.5,2.62,2.45,1.82,1.46,1.19,0.72,0.37,0.06,0,0,0,0,0,0,0,0,0,0,0,0,0,Upgrade
Pretax Income,201.3,173,210.92,275.82,328.45,217.02,246.68,190.42,168.19,146.15,148.43,18.82,176.7,174.38,172.23,162.73,149.72,152.06,140.15,132.91,121.58,105.36,107.4,98.96,86.85,87.3,83.44,73.79,67.35,63.65,59.63,54.61,50.51,44.04,38.76,29.67,23.46,19.36,17.9,13.43,Upgrade
Income Tax,30.47,25.63,32.87,44.05,54.28,36.04,41.33,30.63,32.54,22.55,23.9,3.44,27.18,27.43,27.6,26.33,22,23.54,24.14,21.15,10.51,-57.28,29.01,26.84,20.25,24.62,23.73,21.53,19.4,19.17,18.81,17.41,15.68,15.17,13.69,10.11,8.45,0.35,2.28,-10.15,Upgrade
Net Income,170.83,147.37,178.05,231.77,274.17,180.99,205.35,159.8,135.65,123.6,124.54,15.38,149.52,146.96,144.63,136.41,127.72,128.53,116.01,111.76,111.07,162.64,78.39,72.12,66.6,62.69,59.71,52.26,47.95,44.48,40.82,37.19,34.84,28.87,25.07,19.56,15.01,19.02,15.62,23.58,Upgrade
Net Income Growth,-37.69%,-18.58%,-13.30%,45.04%,102.12%,46.43%,64.89%,938.98%,-9.28%,-15.89%,-13.89%,-88.72%,17.07%,14.34%,24.67%,22.06%,14.99%,-20.97%,47.99%,54.96%,66.78%,159.45%,31.29%,38.00%,38.89%,40.93%,46.28%,40.50%,37.64%,54.09%,62.83%,90.20%,132.16%,51.79%,60.51%,-17.06%,108.42%,1726.80%,-,-,Upgrade
Shares Outstanding (Basic),107,107,107,107,108,110,111,112,112,112,112,103,98,98,98,98,98,97,97,97,97,96,94,91,91,91,91,91,91,90,90,90,90,86,84,83,83,14,44,37,Upgrade
Shares Outstanding (Diluted),108,107,107,107,109,110,111,112,112,112,112,103,98,98,98,98,98,98,98,98,98,99,96,93,93,93,92,92,92,92,92,92,92,88,85,85,85,18,44,37,Upgrade
Shares Change,-0.93%,-2.36%,-3.64%,-4.60%,-3.37%,-2.09%,-0.67%,9.60%,14.29%,14.21%,14.12%,4.52%,0.23%,0.32%,0.25%,0.31%,0.16%,-0.47%,2.00%,5.05%,5.30%,6.43%,4.00%,1.11%,1.27%,0.72%,0.61%,0.51%,0.38%,4.48%,8.01%,8.23%,8.05%,385.97%,94.18%,129.55%,165.80%,-39.04%,-,-,Upgrade
EPS (Basic),1.60,1.38,1.67,2.17,2.53,1.65,1.85,1.43,1.21,1.11,1.11,0.15,1.53,1.50,1.48,1.39,1.31,1.32,1.19,1.15,1.14,1.72,0.83,0.79,0.73,0.69,0.66,0.57,0.53,0.49,0.45,0.41,0.39,0.33,0.30,0.23,0.18,-0.32,0.36,0.63,Upgrade
EPS (Diluted),1.59,1.37,1.66,2.16,2.52,1.64,1.84,1.42,1.21,1.11,1.11,0.15,1.52,1.50,1.47,1.39,1.30,1.31,1.18,1.14,1.13,1.68,0.82,0.77,0.72,0.67,0.65,0.57,0.52,0.49,0.44,0.41,0.38,0.33,0.29,0.23,0.18,-0.52,0.35,0.62,Upgrade
EPS Growth,-36.90%,-16.46%,-9.78%,52.11%,108.26%,47.75%,65.77%,846.67%,-20.39%,-26.00%,-24.49%,-89.21%,16.92%,14.50%,24.58%,21.93%,15.04%,-22.02%,43.90%,48.05%,56.94%,150.75%,26.15%,35.09%,38.46%,36.73%,47.73%,39.02%,36.84%,48.48%,51.72%,78.26%,111.11%,-,-17.14%,-62.90%,-21.74%,-,-,-,Upgrade
Free Cash Flow Per Share,1.72,1.60,1.61,0.58,1.66,1.74,1.60,1.35,1.67,1.59,1.81,1.78,1.66,1.68,1.62,1.29,1.41,1.42,1.46,1.22,2.27,1.21,1.13,0.72,0.84,0.81,0.84,0.59,0.74,0.73,0.76,0.46,0.51,0.59,0.66,0.38,0.14,2.07,0.93,0.88,Upgrade
Dividend Per Share,0.250,0.230,0.220,0.210,0.200,0.190,0.180,0.170,0.160,0.160,0.160,0.160,0.160,0.150,0.150,-,-,-,-,-,-,-,-,-,-,-,-,-,-,-,-,-,-,-,-,-,-,-,-,-,Upgrade
Dividend Growth,25.00%,21.05%,22.22%,23.53%,25.00%,18.75%,12.50%,6.25%,0%,6.67%,6.67%,-,-,-,-,-,-,-,-,-,-,-,-,-,-,-,-,-,-,-,-,-,-,-,-,-,-,-,-,-,Upgrade
Gross Margin,100.07%,98.22%,98.38%,131.18%,140.38%,101.34%,102.64%,96.03%,86.80%,74.89%,77.25%,25.50%,96.48%,95.22%,95.59%,97.66%,96.46%,100.52%,97.05%,98.96%,96.83%,89.17%,97.13%,98.71%,97.11%,96.94%,95.91%,97.26%,96.36%,95.69%,96.30%,97.25%,97.50%,95.81%,97.85%,98.22%,98.11%,98.37%,99.12%,98.04%,Upgrade
Operating Margin,81.26%,77.83%,82.28%,114.03%,124.97%,85.29%,87.73%,79.13%,69.54%,59.99%,61.99%,9.06%,78.15%,77.20%,77.22%,78.06%,75.99%,80.09%,77.11%,77.99%,74.06%,66.52%,72.47%,72.78%,68.63%,69.38%,68.86%,68.22%,65.73%,65.30%,65.00%,64.95%,63.13%,60.54%,59.98%,54.66%,49.06%,45.72%,49.10%,45.42%,Upgrade
Profit Margin,66.67%,64.06%,68.02%,94.83%,103.61%,70.45%,72.43%,65.69%,55.41%,50.00%,51.24%,6.51%,65.34%,64.24%,63.89%,64.37%,63.69%,66.55%,62.71%,64.31%,66.32%,100.95%,52.19%,52.41%,52.20%,49.60%,49.24%,48.31%,46.80%,45.63%,44.50%,44.24%,43.54%,39.68%,38.80%,36.02%,31.38%,44.90%,42.84%,79.75%,Upgrade
Free Cash Flow Margin,71.96%,74.29%,65.59%,25.50%,67.99%,74.07%,62.58%,62.42%,76.47%,72.14%,83.24%,77.17%,71.08%,71.76%,70.04%,59.48%,68.65%,71.59%,76.97%,68.62%,132.18%,72.27%,71.08%,47.81%,60.19%,58.45%,63.08%,49.70%,65.67%,67.34%,75.26%,49.08%,57.06%,69.93%,85.68%,58.13%,25.14%,68.63%,111.22%,109.41%,Upgrade
Effective Tax Rate,15.14%,14.82%,15.58%,15.97%,16.53%,16.60%,16.75%,16.08%,19.35%,15.43%,16.10%,18.26%,15.38%,15.73%,16.02%,16.18%,14.69%,15.48%,17.22%,15.92%,8.65%,-54.37%,27.01%,27.12%,23.32%,28.20%,28.44%,29.18%,28.80%,30.12%,31.54%,31.89%,31.03%,34.45%,35.32%,34.09%,36.04%,1.78%,12.74%,-75.59%,Upgrade
EBITDA,208.93,179.84,216.11,279.45,331.43,219.92,249.6,193.36,171.1,149.11,151.45,22.24,179.71,177.6,175.75,166.34,153.29,155.54,143.45,136.36,124.93,108.14,109.84,101.12,88.57,88.65,84.55,74.83,68.35,64.48,60.43,55.45,51.25,44.67,39.38,30.34,24.01,19.98,18.43,13.95,Upgrade
EBITDA Margin,81.53%,78.18%,82.56%,114.33%,125.25%,85.60%,88.03%,79.48%,69.89%,60.32%,62.31%,9.42%,78.53%,77.64%,77.63%,78.50%,76.44%,80.54%,77.54%,78.47%,74.60%,67.12%,73.13%,73.48%,69.42%,70.15%,69.73%,69.18%,66.70%,66.15%,65.88%,65.96%,64.05%,61.40%,60.94%,55.89%,50.20%,47.18%,50.55%,47.18%,Upgrade
Depreciation & Amortization,0.7,0.79,0.74,0.74,0.76,0.8,0.86,0.86,0.86,0.81,0.79,0.86,0.88,1,0.94,0.93,0.9,0.87,0.81,0.84,0.9,0.97,0.99,0.97,1,0.98,1.05,1.04,1,0.83,0.81,0.85,0.73,0.63,0.62,0.67,0.55,0.62,0.53,0.52,Upgrade
EBIT,208.23,179.04,215.37,278.71,330.67,219.12,248.75,192.5,170.24,148.3,150.66,21.38,178.83,176.6,174.81,165.41,152.39,154.67,142.65,135.53,124.03,107.17,108.86,100.15,87.57,87.67,83.5,73.79,67.35,63.65,59.63,54.61,50.51,44.04,38.76,29.67,23.46,19.36,17.9,13.43,Upgrade
EBIT Margin,81.26%,77.83%,82.28%,114.03%,124.97%,85.29%,87.73%,79.13%,69.54%,59.99%,61.99%,9.06%,78.15%,77.20%,77.22%,78.06%,75.99%,80.09%,77.11%,77.99%,74.06%,66.52%,72.47%,72.78%,68.63%,69.38%,68.86%,68.22%,65.73%,65.30%,65.00%,64.95%,63.13%,60.54%,59.98%,54.66%,49.06%,45.72%,49.10%,45.42%,Upgrade
