Metrics,2023-03-31,2022-12-31,2022-09-30,2022-06-30,2022-03-31,2021-12-31,2021-09-30,2021-06-30,2021-03-31,2020-12-31,2020-09-30,2020-06-30,2020-03-31,2019-12-31,2019-09-30,2019-06-30,2019-03-31,2018-12-31,2018-09-30,2018-06-30,2018-03-31,2017-12-31,2017-09-30,2017-06-30,2017-03-31,2016-12-31,2016-09-30,2016-06-30,2016-03-31,2015-12-31,2015-09-30,2015-06-30,2015-03-31,2014-12-31,2014-09-30,2014-06-30,2014-03-31,2013-12-31,2013-09-30,2013-06-30,+70 Quarters
Revenue,22.09,22.75,23.63,22.4,20.71,23.99,24.78,23.53,20.85,21.36,19.62,18.58,13.12,16.91,19.22,17.77,16.17,15.69,16.6,15.18,14.47,13.59,14.3,12.8,13.6,11.68,11.4,11.17,11.05,11.15,12,10.71,10.45,8.18,10.86,10.56,10.54,10.13,9.02,10.14,Upgrade
Revenue Growth (YoY),6.67%,-5.15%,-4.65%,-4.81%,-0.67%,12.30%,26.31%,26.66%,58.98%,26.34%,2.09%,4.51%,-18.87%,7.78%,15.77%,17.12%,11.71%,15.47%,16.08%,18.59%,6.40%,16.36%,25.45%,14.55%,23.13%,4.69%,-5.02%,4.32%,5.74%,36.32%,10.50%,1.40%,-0.89%,-19.22%,20.44%,4.19%,8.82%,-3.64%,-11.17%,5.39%,Upgrade
Gross Profit,22.09,22.75,23.63,22.4,20.71,23.99,24.78,23.53,20.85,21.36,19.62,18.58,13.12,16.91,19.22,17.77,16.17,15.69,16.6,15.18,14.47,13.59,14.3,12.8,13.6,11.68,11.4,11.17,11.05,11.15,12,10.71,10.45,8.18,10.86,10.56,10.54,10.13,9.02,10.14,Upgrade
"Selling, General & Admin",12.98,13.12,14.16,13.09,12.88,13.96,13.66,13.37,12.72,12.69,12.04,11.53,10.94,10.55,10.79,10.58,9.8,9.95,9.61,9,8.93,8.81,8.63,8.3,7.82,7.61,7.41,7.6,7.68,7.32,7.38,7.14,6.64,6.67,6.53,6.41,6.65,6.65,6.44,6.21,Upgrade
Other Operating Expenses,1.52,1.78,1.63,1.7,1.59,2.33,1.74,1.81,1.65,1.82,2.43,6.48,1.93,1.63,1.48,1.57,1.42,1.49,1.85,1.23,1.25,1.58,1.21,1.01,1.24,1.53,1.31,1.12,0.85,1.34,0.91,1.1,0.87,1.15,0.95,1.93,0.96,1.05,0.91,1.05,Upgrade
Operating Expenses,14.5,14.9,15.79,14.78,14.46,16.29,15.39,15.18,14.37,14.51,14.47,18.01,12.87,12.17,12.28,12.15,11.22,11.43,11.46,10.23,10.17,10.39,9.84,9.32,9.06,9.14,8.71,8.72,8.53,8.66,8.28,8.24,7.51,7.82,7.49,8.33,7.62,7.7,7.35,7.26,Upgrade
Operating Income,7.59,7.85,7.84,7.61,6.25,7.7,9.39,8.35,6.49,6.85,5.15,0.56,0.25,4.74,6.94,5.63,4.94,4.26,5.14,4.94,4.3,3.2,4.46,3.48,4.55,2.54,2.69,2.45,2.52,2.49,3.72,2.47,2.93,0.36,3.38,2.23,2.92,2.43,1.67,2.88,Upgrade
Pretax Income,7.59,7.85,7.84,7.61,6.25,7.7,9.39,8.35,6.49,6.85,5.15,0.56,0.25,4.74,6.94,5.63,4.94,4.26,5.14,4.94,4.3,3.2,4.46,3.48,4.55,2.54,2.69,2.45,2.52,2.49,3.72,2.47,2.93,0.36,3.38,2.23,2.92,2.43,1.67,2.88,Upgrade
Income Tax,1.79,1.81,1.97,1.88,1.5,1.8,2.41,2.04,1.63,0.82,0.61,0.09,0.04,0.99,1.78,1.24,1.22,-0.2,0.35,1.15,0.98,2.21,0.74,0.86,1.4,0.2,0.47,0.45,0.8,0.73,1.21,0.79,1.03,-1.94,1.09,0.65,0.91,0.76,-0.78,0.96,Upgrade
Net Income,5.8,6.04,5.86,5.73,4.75,5.9,6.98,6.31,4.85,6.03,4.54,0.47,0.2,3.75,5.16,4.38,3.72,4.45,4.8,3.79,3.32,0.99,3.72,2.62,3.15,2.34,2.22,2,1.71,1.75,2.51,1.68,1.91,2.31,2.29,1.58,2.01,1.67,2.45,1.92,Upgrade
Net Income Growth,22.16%,2.44%,-15.98%,-9.17%,-2.14%,-2.16%,53.59%,1246.06%,2278.43%,60.86%,-12.01%,-89.30%,-94.52%,-15.79%,7.70%,15.59%,12.08%,348.69%,28.79%,44.81%,5.50%,-57.59%,68.01%,30.70%,83.55%,33.35%,-11.68%,19.58%,-10.03%,-23.90%,9.56%,6.08%,-5.37%,38.19%,-6.53%,-17.89%,10.85%,-21.39%,14.70%,28.63%,Upgrade
Shares Outstanding (Basic),5,5,6,6,5,5,5,5,5,5,5,5,5,5,5,5,5,5,5,5,5,5,5,5,5,4,4,4,4,4,4,4,4,4,4,4,4,4,4,4,Upgrade
Shares Outstanding (Diluted),5,6,6,6,6,6,6,5,5,5,5,5,5,5,5,5,5,5,5,5,5,5,5,5,5,4,4,4,4,4,4,4,4,4,4,4,4,4,4,4,Upgrade
Shares Change,-1.29%,0.05%,0.54%,1.11%,1.54%,1.92%,2.11%,4.56%,9.44%,8.60%,8.35%,5.97%,1.21%,1.34%,0.93%,0.42%,0.41%,1.50%,0.90%,1.06%,3.26%,10.52%,12.25%,12.31%,9.91%,2.05%,1.30%,0.86%,0.85%,1.07%,1.07%,1.45%,0.18%,0.60%,0.66%,0.68%,1.74%,1.91%,1.33%,1.50%,Upgrade
EPS (Basic),1.07,1.11,1.06,1.04,0.86,1.07,1.28,1.16,0.89,1.14,0.88,0.09,0.04,0.76,1.05,0.89,0.77,0.93,0.99,0.79,0.69,0.20,0.78,0.55,0.68,0.54,0.52,0.47,0.40,0.41,0.59,0.40,0.45,0.55,0.55,0.38,0.48,0.39,0.59,0.46,Upgrade
EPS (Diluted),1.06,1.09,1.06,1.03,0.86,1.07,1.27,1.15,0.89,1.13,0.87,0.09,0.04,0.74,1.04,0.89,0.75,0.90,0.97,0.77,0.68,0.20,0.76,0.54,0.66,0.53,0.51,0.46,0.40,0.41,0.58,0.39,0.44,0.54,0.54,0.37,0.47,0.38,0.58,0.46,Upgrade
EPS Growth,23.26%,1.87%,-16.54%,-10.43%,-3.37%,-5.31%,45.98%,1177.78%,2125.00%,52.70%,-16.35%,-89.89%,-94.67%,-17.78%,7.22%,15.58%,10.29%,350.00%,27.63%,42.59%,3.03%,-62.26%,49.02%,17.39%,65.00%,29.27%,-12.07%,17.95%,-9.09%,-24.07%,7.41%,5.41%,-6.38%,42.11%,-6.90%,-19.57%,9.30%,-24.00%,13.73%,27.78%,Upgrade
Free Cash Flow Per Share,0.06,1.63,1.49,1.30,0.20,1.50,0.86,0.38,0.93,-0.38,1.21,-1.40,1.27,1.28,0.17,1.19,0.75,1.85,1.30,1.07,0.76,0.51,1.27,0.52,0.43,1.10,0.28,0.33,0.64,-0.07,0.82,0.75,-0.03,1.11,0.75,0.43,0.21,0.70,0.93,0.83,Upgrade
Dividend Per Share,0.660,-,0.640,-,0.620,-,0.600,-,0.600,-,0.580,-,0.580,-,0.520,-,0.520,-,0.460,-,0.460,-,0.400,-,0.400,-,0.380,-,0.380,-,0.360,-,0.360,-,0.340,-,0.310,-,0.260,-,Upgrade
Dividend Growth,6.45%,-,6.67%,-,3.33%,-,3.45%,-,3.45%,-,11.54%,-,11.54%,-,13.04%,-,13.04%,-,15.00%,-,15.00%,-,5.26%,-,5.26%,-,5.56%,-,5.56%,-,5.88%,-,16.13%,-,30.77%,-,-,-,18.18%,-,Upgrade
Gross Margin,100.00%,100.00%,100.00%,100.00%,100.00%,100.00%,100.00%,100.00%,100.00%,100.00%,100.00%,100.00%,100.00%,100.00%,100.00%,100.00%,100.00%,100.00%,100.00%,100.00%,100.00%,100.00%,100.00%,100.00%,100.00%,100.00%,100.00%,100.00%,100.00%,100.00%,100.00%,100.00%,100.00%,100.00%,100.00%,100.00%,100.00%,100.00%,100.00%,100.00%,Upgrade
Operating Margin,34.36%,34.51%,33.17%,33.99%,30.18%,32.11%,37.88%,35.50%,31.10%,32.07%,26.25%,3.03%,1.87%,28.01%,36.12%,31.65%,30.57%,27.12%,30.97%,32.57%,29.71%,23.55%,31.21%,27.19%,33.42%,21.73%,23.57%,21.96%,22.80%,22.31%,31.00%,23.05%,28.09%,4.45%,31.08%,21.11%,27.72%,23.98%,18.52%,28.40%,Upgrade
Profit Margin,26.25%,26.56%,24.82%,25.60%,22.93%,24.59%,28.16%,26.83%,23.27%,28.23%,23.16%,2.52%,1.56%,22.17%,26.87%,24.65%,23.01%,28.37%,28.89%,24.98%,22.94%,7.30%,26.04%,20.46%,23.13%,20.03%,19.44%,17.93%,15.52%,15.73%,20.91%,15.64%,18.24%,28.18%,21.08%,14.95%,19.10%,16.47%,27.17%,18.97%,Upgrade
Free Cash Flow Margin,1.43%,39.26%,34.85%,31.98%,5.17%,34.23%,19.02%,8.84%,24.24%,-9.55%,33.28%,-39.33%,47.89%,37.38%,4.31%,32.67%,22.66%,56.93%,37.90%,34.08%,25.04%,17.91%,42.57%,19.32%,14.74%,40.63%,10.45%,12.61%,24.84%,-2.85%,28.96%,29.56%,-1.09%,56.81%,28.86%,16.85%,8.34%,28.95%,43.29%,34.13%,Upgrade
Effective Tax Rate,23.58%,23.04%,25.17%,24.68%,24.04%,23.42%,25.64%,24.41%,25.18%,11.99%,11.77%,16.70%,16.73%,20.86%,25.59%,22.10%,24.71%,-4.61%,6.73%,23.31%,22.81%,68.99%,16.58%,24.77%,30.80%,7.80%,17.53%,18.34%,31.93%,29.50%,32.55%,32.13%,35.07%,-533.24%,32.17%,29.16%,31.11%,31.33%,-46.71%,33.21%,Upgrade
EBITDA,7.59,7.85,7.84,7.61,6.25,7.7,9.39,8.35,6.49,6.85,5.15,0.56,0.25,4.74,6.94,5.63,4.94,4.26,5.14,4.94,4.3,3.2,4.46,3.48,4.55,2.54,2.69,2.45,2.52,2.49,3.72,2.47,2.93,0.36,3.38,1.81,3.34,1,2.08,3.33,Upgrade
EBITDA Margin,34.36%,34.51%,33.17%,33.99%,30.18%,32.11%,37.88%,35.50%,31.10%,32.07%,26.25%,3.03%,1.87%,28.01%,36.12%,31.65%,30.57%,27.12%,30.97%,32.57%,29.71%,23.55%,31.21%,27.19%,33.42%,21.73%,23.57%,21.96%,22.80%,22.31%,31.00%,23.05%,28.09%,4.45%,31.08%,17.11%,31.73%,9.91%,23.05%,32.83%,Upgrade
Depreciation & Amortization,0,0,0,0,0,0,0,0,0,0,0,0,0,0,0,0,0,0,0,0,0,0,0,0,0,0,0,0,0,0,0,0,0,0,0,-0.42,0.42,-1.43,0.41,0.45,Upgrade
EBIT,7.59,7.85,7.84,7.61,6.25,7.7,9.39,8.35,6.49,6.85,5.15,0.56,0.25,4.74,6.94,5.63,4.94,4.26,5.14,4.94,4.3,3.2,4.46,3.48,4.55,2.54,2.69,2.45,2.52,2.49,3.72,2.47,2.93,0.36,3.38,2.23,2.92,2.43,1.67,2.88,Upgrade
EBIT Margin,34.36%,34.51%,33.17%,33.99%,30.18%,32.11%,37.88%,35.50%,31.10%,32.07%,26.25%,3.03%,1.87%,28.01%,36.12%,31.65%,30.57%,27.12%,30.97%,32.57%,29.71%,23.55%,31.21%,27.19%,33.42%,21.73%,23.57%,21.96%,22.80%,22.31%,31.00%,23.05%,28.09%,4.45%,31.08%,21.11%,27.72%,23.98%,18.52%,28.40%,Upgrade
