Metrics,2023-03-31,2022-12-31,2022-09-30,2022-06-30,2022-03-31,2021-12-31,2021-09-30,2021-06-30,2021-03-31,2020-12-31,2020-09-30,2020-06-30,2020-03-31,2019-12-31,2019-09-30,2019-06-30,2019-03-31,2018-12-31,2018-09-30,2018-06-30,2018-03-31,2017-12-31,2017-09-30,2017-06-30,2017-03-31,2016-12-31,2016-09-30,2016-06-30,2016-03-31,2015-12-31,2015-09-30,2015-06-30,2015-03-31,2014-12-31,2014-09-30,2014-06-30,2014-03-31,2013-12-31,2013-09-30,2013-06-30,+70 Quarters
Revenue,258.42,264.33,233.41,215.84,215.98,220.99,192.44,174.03,184.94,178.14,166.84,210.22,223.28,222.44,214.34,202.47,214.73,215.7,205.98,199.61,202.4,204.51,182.07,183.63,189.63,192.62,184.59,170.15,188.21,187.56,170.29,164.62,205.18,212.73,23.75,223.13,245.13,253.76,33.58,235.17,Upgrade
Revenue Growth (YoY),19.65%,19.61%,21.29%,24.02%,16.79%,24.06%,15.35%,-17.22%,-17.17%,-19.92%,-22.16%,3.83%,3.98%,3.12%,4.06%,1.43%,6.09%,5.47%,13.13%,8.70%,6.73%,6.17%,-1.36%,7.92%,0.75%,2.70%,8.39%,3.36%,-8.27%,-11.83%,617.04%,-26.22%,-16.30%,-16.17%,-29.28%,-5.12%,-8.57%,-6.93%,-85.98%,4.72%,Upgrade
Cost of Revenue,109.24,111.83,95.81,86.33,87.05,88.88,73.12,66.01,71.19,69.75,77.24,108.05,95.92,92.37,93.48,86.61,87.04,85.65,81.51,84.87,82.14,82.08,73.98,78.08,79.73,80.66,77.72,69.76,79.85,74.95,70.74,70.81,91.61,95.67,38.81,87.55,95.21,102.35,48.89,83.95,Upgrade
Gross Profit,149.18,152.5,137.6,129.51,128.93,132.11,119.33,108.02,113.75,108.39,89.6,102.18,127.36,130.07,120.86,115.85,127.69,130.05,124.46,114.74,120.26,122.43,108.09,105.56,109.9,111.97,106.86,100.39,108.36,112.61,99.55,93.81,113.57,117.06,-15.06,135.59,149.92,151.41,-15.31,151.22,Upgrade
"Selling, General & Admin",116.88,116.28,113.33,108.15,97.97,102.32,104.2,96.39,94.92,91.82,81.28,98.52,102.99,108.11,105.69,99.78,104.73,104.02,100.03,96.2,95.52,96.93,90.79,88.34,87.74,91.57,97.96,87.65,87.88,96,110.38,88.32,91.99,92.64,14.09,117.4,121.1,121.09,27.92,116.87,Upgrade
Other Operating Expenses,5.57,7.97,9.39,7.75,6.75,7.58,7.32,7.92,8.2,7.55,35.19,7.93,55.08,8.48,8.44,7.28,6.19,11.29,7.2,6.44,6.55,5.76,5.76,5.86,6.1,6.3,6.6,6.23,7.47,9.23,54.32,7.57,11.05,9.05,3.87,9.03,17.28,2.42,50.04,8.97,Upgrade
Operating Expenses,122.45,124.25,122.72,115.89,104.72,109.9,111.52,104.31,103.12,99.37,116.47,106.45,158.07,116.59,114.13,107.06,110.92,115.31,107.23,102.64,102.07,102.69,96.55,94.2,93.84,97.87,104.55,93.89,95.35,105.24,164.7,95.89,103.04,101.68,17.96,126.43,138.38,123.5,77.96,125.84,Upgrade
Operating Income,26.73,28.25,14.88,13.62,24.21,22.22,7.81,3.71,10.63,9.02,-26.88,-4.28,-30.71,13.48,6.73,8.8,16.77,14.74,17.23,12.1,18.19,19.74,11.54,11.35,16.05,14.1,2.31,6.51,13.01,7.38,-65.16,-2.08,10.53,15.37,-33.02,9.15,11.54,27.91,-93.27,25.38,Upgrade
Interest Expense / Income,3.39,6.19,2.32,2.69,2.53,2.43,5.64,5.57,5.52,5.46,5.88,5.38,5.88,5.33,5.43,9.83,8.59,8.79,8.76,7.39,5.83,5.85,10.96,5.65,5.63,5.57,4.46,3.94,3.95,4.13,3.93,3.78,11.3,12.03,-10.69,7.44,6.11,5.05,5.16,3.64,Upgrade
Other Expense / Income,30.68,-2.48,-0.6,-2.16,1.56,-1.56,-2.35,-1.09,-1.69,-1.94,-4.03,0.58,-2.47,5.15,0.92,-4.29,2.43,10.37,6.18,-11.25,-5.02,-6.3,-7.81,-2.99,-3.05,-3.42,-3.52,7.22,71.45,8.96,41.46,7.02,-2.47,-11.54,75.83,-2.62,-1.57,-0.7,-28.93,18.48,Upgrade
Pretax Income,-7.34,24.54,13.16,13.08,20.12,21.35,4.53,-0.77,6.8,5.5,-28.73,-10.24,-34.13,3,0.38,3.26,5.75,-4.42,2.29,15.96,17.38,20.19,8.39,8.69,13.47,11.95,1.37,-4.65,-62.39,-5.72,-110.54,-12.88,1.71,14.88,-98.15,4.34,6.99,23.55,-69.5,3.26,Upgrade
Income Tax,-0.55,7.76,5.82,0.87,5.24,5.63,2.97,1.8,1.47,1.2,-5.39,-4.75,6.75,1.76,1.03,0.1,2.36,-1.06,3.68,1.5,5.8,7.44,-2.57,3.43,5.45,4.78,-1.86,1.04,8.43,1.76,-18.24,-3.04,0.36,3.26,-1.63,0.41,0.85,4.82,-32.99,9.14,Upgrade
Net Income,-6.79,16.78,7.34,12.22,14.89,15.72,1.55,-2.57,5.33,4.3,-23.34,-5.49,-40.87,1.24,-0.65,3.16,3.39,-3.37,-1.39,14.45,11.58,12.75,10.96,5.26,8.02,7.17,3.23,-5.69,-70.81,-7.47,-92.3,-9.85,1.34,11.61,-96.52,3.93,6.14,18.73,-36.51,-5.88,Upgrade
Net Income Growth,-,6.72%,372.44%,-,179.31%,265.69%,-,-,-,247.25%,-,-,-,-,-,-78.15%,-70.69%,-,-,174.79%,44.35%,77.92%,239.28%,-,-,-,-,-,-,-,-,-,-78.13%,-38.00%,-,-,-81.93%,-39.02%,-,-,Upgrade
Shares Outstanding (Basic),56,56,57,57,57,56,56,56,56,55,55,55,55,56,55,55,55,55,54,54,54,54,54,54,54,54,54,54,55,55,55,55,54,54,54,54,54,54,54,54,Upgrade
Shares Outstanding (Diluted),56,84,83,83,82,82,57,56,56,55,55,55,56,56,58,55,55,55,60,58,58,56,55,54,54,54,54,54,55,55,55,55,54,54,53,54,55,54,54,54,Upgrade
Shares Change,-32.47%,2.23%,45.25%,47.60%,48.04%,47.85%,3.21%,1.51%,0.26%,-0.47%,-4.98%,-0.76%,0.11%,1.19%,-3.96%,-4.26%,-3.75%,-1.17%,10.64%,6.60%,6.03%,2.71%,1.69%,0.32%,-1.07%,-1.27%,-1.83%,-1.23%,1.39%,2.26%,3.08%,0.87%,-0.74%,-1.22%,-2.44%,0.26%,0.62%,4.32%,5.68%,5.68%,Upgrade
EPS (Basic),-0.12,0.30,0.13,0.22,0.26,0.28,0.02,-0.05,0.10,0.08,-0.43,-0.10,-0.74,0.02,-0.01,0.06,0.06,-0.06,-0.02,0.26,0.22,0.24,0.20,0.10,0.15,0.15,-0.31,0.05,0.05,0.06,-1.05,-0.01,0.03,0.22,-0.45,0.07,0.11,0.35,-0.69,-0.11,Upgrade
EPS (Diluted),-0.12,0.25,0.11,0.17,0.20,0.21,0.02,-0.05,0.10,0.08,-0.43,-0.10,-0.74,0.02,-0.01,0.06,0.06,-0.06,-0.03,0.25,0.21,0.23,0.20,0.10,0.15,0.15,-0.31,0.05,0.05,0.06,-1.05,-0.01,0.03,0.22,-0.45,0.07,0.11,0.34,-0.69,-0.11,Upgrade
EPS Growth,-,19.05%,450.00%,-,100.00%,162.50%,-,-,-,300.00%,-,-,-,-,-,-76.00%,-71.43%,-,-,150.00%,40.00%,53.33%,-,100.00%,200.00%,150.00%,-,-,66.67%,-72.73%,-,-,-72.73%,-35.29%,-,-,-82.54%,-42.37%,-,-,Upgrade
Free Cash Flow Per Share,0.43,0.08,0.07,0.18,0.28,0.07,0.08,0.14,0.33,-0.14,-0.27,0.48,0.46,-0.30,0.44,0.07,0.35,0.32,0.24,0.17,0.31,0.18,0.09,0.15,0.37,-0.14,0.06,-0.02,1.06,-0.10,0.50,0.12,0.47,-0.07,0.46,-0.10,0.47,0.33,0.14,-0.09,Upgrade
Gross Margin,57.73%,57.69%,58.95%,60.00%,59.69%,59.78%,62.01%,62.07%,61.51%,60.85%,53.70%,48.60%,57.04%,58.48%,56.39%,57.22%,59.47%,60.29%,60.43%,57.48%,59.42%,59.86%,59.37%,57.48%,57.95%,58.13%,57.89%,59.00%,57.58%,60.04%,58.46%,56.98%,55.35%,55.03%,-63.41%,60.77%,61.16%,59.67%,-45.58%,64.30%,Upgrade
Operating Margin,10.34%,10.69%,6.38%,6.31%,11.21%,10.05%,4.06%,2.13%,5.75%,5.06%,-16.11%,-2.03%,-13.75%,6.06%,3.14%,4.34%,7.81%,6.83%,8.37%,6.06%,8.98%,9.65%,6.34%,6.18%,8.47%,7.32%,1.25%,3.82%,6.91%,3.93%,-38.26%,-1.26%,5.13%,7.23%,-139.02%,4.10%,4.71%,11.00%,-277.71%,10.79%,Upgrade
Profit Margin,-2.63%,6.35%,3.14%,5.66%,6.89%,7.11%,0.81%,-1.48%,2.88%,2.41%,-13.99%,-2.61%,-18.31%,0.56%,-0.30%,1.56%,1.58%,-1.56%,-0.68%,7.24%,5.72%,6.23%,6.02%,2.86%,4.23%,3.72%,1.75%,-3.34%,-37.62%,-3.98%,-54.20%,-5.98%,0.65%,5.46%,-406.41%,1.76%,2.51%,7.38%,-108.71%,-2.50%,Upgrade
Free Cash Flow Margin,9.25%,1.70%,1.82%,4.78%,7.43%,1.82%,2.26%,4.67%,9.79%,-4.34%,-8.96%,12.55%,11.47%,-7.41%,11.32%,1.80%,8.97%,8.11%,6.36%,4.51%,8.24%,4.75%,2.76%,4.34%,10.70%,-3.95%,1.83%,-0.78%,31.03%,-2.99%,16.02%,3.97%,12.34%,-1.63%,102.78%,-2.52%,10.54%,7.00%,22.94%,-1.96%,Upgrade
Effective Tax Rate,-,31.62%,44.25%,6.63%,26.02%,26.35%,65.69%,-,21.61%,21.86%,-,-,-,58.69%,267.97%,3.01%,41.01%,-,160.87%,9.41%,33.36%,36.84%,-30.62%,39.48%,40.45%,40.03%,-136.18%,-,-,-,-,-,21.23%,21.94%,-,9.36%,12.18%,20.48%,-,280.51%,Upgrade
EBITDA,17.96,52.31,37.99,36.84,43.15,44.05,30.35,24.27,32.74,30.03,-3.81,14.33,-9.2,27.53,13.49,20.34,21.36,11.22,18.24,29.47,29.66,31.76,24.76,20.19,25.13,23.89,13.05,5.58,-51.38,6.5,-94.9,-1.88,22.07,35.94,-98.3,20.97,22.63,37.97,-55.15,16.21,Upgrade
EBITDA Margin,6.95%,19.79%,16.28%,17.07%,19.98%,19.93%,15.77%,13.95%,17.70%,16.86%,-2.28%,6.82%,-4.12%,12.38%,6.29%,10.05%,9.95%,5.20%,8.85%,14.77%,14.65%,15.53%,13.60%,10.99%,13.25%,12.40%,7.07%,3.28%,-27.30%,3.47%,-55.73%,-1.14%,10.76%,16.89%,-413.90%,9.40%,9.23%,14.96%,-164.21%,6.89%,Upgrade
Depreciation & Amortization,21.91,21.58,22.51,21.06,20.5,20.27,20.19,19.47,20.42,19.08,19.04,19.19,19.04,19.21,7.68,7.25,7.01,6.85,7.19,6.12,6.45,5.72,5.42,5.84,6.03,6.37,7.22,6.29,7.05,8.09,11.72,7.22,9.07,9.03,10.54,9.2,9.52,9.36,9.19,9.32,Upgrade
EBIT,-3.95,30.73,15.48,15.78,22.65,23.78,10.16,4.8,12.32,10.96,-22.85,-4.86,-28.24,8.33,5.81,13.09,14.34,4.37,11.05,23.35,23.21,26.03,19.35,14.35,19.1,17.51,5.83,-0.72,-58.43,-1.59,-106.61,-9.1,13,26.91,-108.84,11.78,13.11,28.6,-64.33,6.9,Upgrade
EBIT Margin,-1.53%,11.62%,6.63%,7.31%,10.49%,10.76%,5.28%,2.76%,6.66%,6.15%,-13.69%,-2.31%,-12.65%,3.74%,2.71%,6.46%,6.68%,2.02%,5.37%,11.70%,11.47%,12.73%,10.63%,7.81%,10.07%,9.09%,3.16%,-0.42%,-31.05%,-0.85%,-62.61%,-5.53%,6.34%,12.65%,-458.30%,5.28%,5.35%,11.27%,-191.56%,2.93%,Upgrade
