Metrics,2023-03-31,2022-12-31,2022-09-30,2022-06-30,2022-03-31,2021-12-31,2021-09-30,2021-06-30,2021-03-31,2020-12-31,2020-09-30,2020-06-30,2020-03-31,2019-12-31,2019-09-30,2019-06-30,2019-03-31,2018-12-31,2018-09-30,2018-06-30,2018-03-31,2017-12-31,2017-09-30,2017-06-30,2017-03-31,2016-12-31,2016-09-30,2016-06-30,2016-03-31,2015-12-31,2015-09-30,2014-12-31,2013-12-31
Revenue,126.52,128.42,122.61,123.07,133.82,153.74,150.01,149.7,163.16,168.8,110.45,110.91,69.38,89.98,94.62,89.12,80.66,76.42,85.29,86.22,81.39,85.04,82.21,66.95,61.6,61.12,71.51,67.5,56.99,51.53,52.34,-,-
Revenue Growth (YoY),-5.46%,-16.47%,-18.27%,-17.79%,-17.98%,-8.92%,35.82%,34.98%,135.16%,87.61%,16.73%,24.45%,-13.98%,17.74%,10.94%,3.37%,-0.89%,-10.15%,3.74%,28.78%,32.13%,39.15%,14.97%,-0.82%,8.09%,18.60%,36.62%,-,-,-,-,-,-
Gross Profit,126.52,128.42,122.61,123.07,133.82,153.74,150.01,149.7,163.16,168.8,110.45,110.91,69.38,89.98,94.62,89.12,80.66,76.42,85.29,86.22,81.39,85.04,82.21,66.95,61.6,61.12,71.51,67.5,56.99,51.53,52.34,-,-
"Selling, General & Admin",62.05,62.18,65.87,68.59,73.97,73.01,77.77,75.91,77.43,81.24,79.74,66.68,54.2,50.02,51.64,49.01,44.27,43.76,47.02,45.42,44.81,45.2,45.1,39.93,37.98,36.54,41.51,35.04,30.97,29.67,28.96,-,-
Other Operating Expenses,18.39,18.05,15.98,28.41,15.31,17.89,17.24,17.05,17.27,28.62,38.36,13.9,14.36,12.67,11.29,15.11,10.83,9.98,10.2,10.94,11.34,12.35,24.12,9.21,8.44,10.78,14.02,15.56,10.38,12.21,6.62,0,0
Operating Expenses,80.44,80.23,81.85,97,89.27,90.9,95.01,92.96,94.7,109.86,118.09,80.58,68.56,62.69,62.94,64.12,55.1,53.74,57.21,56.36,56.15,57.54,69.22,49.14,46.42,47.32,55.53,50.6,41.35,41.88,35.58,-,-
Operating Income,46.08,48.19,40.76,26.07,44.55,62.84,55.01,56.74,68.46,58.95,-7.64,30.33,0.83,27.29,31.68,25,25.56,22.68,28.08,29.86,25.24,27.5,12.99,17.81,15.18,13.8,15.98,16.91,15.64,9.65,16.76,-,-
Other Expense / Income,-,0.01,-,0.01,-,0.01,-,0.01,-,0.01,-,-,-,-,-,-,-,-,-,-,-,-,-,-,-,-,-,-,-,-,-,-,-
Pretax Income,46.08,48.19,40.76,26.06,44.55,62.83,55.01,56.73,68.46,58.94,-7.64,30.33,0.83,27.29,31.68,25,25.56,22.68,28.08,29.86,25.24,27.5,12.99,17.81,15.18,13.8,15.98,16.91,15.64,9.65,16.76,-,-
Income Tax,9.7,10.04,8.93,6.72,9.31,14.01,9.72,13.44,15.59,13.34,-2.04,7.46,0.08,5.72,7.72,6.31,5.98,5.64,6.7,7.79,5.48,4.49,4.6,6.57,5.43,4.79,14.77,1.13,1.04,0.46,0.86,-,-
Net Income,36.38,38.14,31.83,19.35,35.24,48.83,45.29,43.29,52.87,45.6,-5.6,22.87,0.75,21.57,23.97,18.69,19.59,17.04,21.38,22.07,19.75,23.02,8.39,11.24,9.75,9.01,1.21,15.78,14.6,9.19,15.91,-,-
Net Income Growth,3.25%,-21.88%,-29.72%,-55.32%,-33.36%,7.07%,-,89.28%,6997.18%,111.39%,-,22.39%,-96.20%,26.60%,12.11%,-15.30%,-0.84%,-25.97%,154.85%,96.33%,102.54%,155.47%,594.95%,-28.75%,-33.19%,-1.97%,-92.41%,-,-,-,-,-,-
Shares Outstanding (Basic),47,47,47,47,48,48,47,47,47,47,32,32,31,31,31,31,31,31,31,31,31,31,30,26,24,19,18,17,17,17,17,17,17
Shares Outstanding (Diluted),-,-,-,-,-,-,-,-,-,-,-,-,-,-,-,-,-,-,-,-,31,31,31,26,25,19,18,17,17,17,17,-,-
Shares Change,-1.96%,-1.64%,-1.01%,-0.25%,0.54%,1.09%,47.53%,47.61%,52.26%,52.59%,3.88%,3.96%,0.77%,0.70%,0.72%,0.59%,-1.87%,-1.66%,0.26%,16.65%,27.67%,61.74%,66.94%,53.09%,43.25%,12.41%,6.71%,-,-,-,-,-,-
EPS (Basic),0.78,0.81,0.68,0.41,0.74,1.02,0.96,0.91,1.12,1.17,-0.14,0.71,0.02,0.69,0.77,0.60,0.63,0.55,0.69,0.72,0.65,0.80,0.28,0.44,0.40,0.32,0.07,0.92,0.85,0.54,0.93,-,-
EPS (Diluted),0.78,0.81,0.68,0.41,0.74,1.02,0.94,0.90,1.10,1.15,-0.14,0.70,0.02,0.68,0.76,0.59,0.62,0.54,0.68,0.70,0.63,0.78,0.27,0.43,0.40,0.30,0.07,0.92,0.85,0.54,0.93,-,-
EPS Growth,5.41%,-20.59%,-27.66%,-54.44%,-32.73%,-11.30%,-,28.57%,5400.00%,69.12%,-,18.64%,-96.77%,25.93%,11.76%,-15.71%,-1.59%,-30.77%,151.85%,62.79%,57.50%,160.00%,285.71%,-53.26%,-52.94%,-44.44%,-92.47%,-,-,-,-,-,-
Free Cash Flow Per Share,1.91,0.88,4.53,5.05,6.05,1.99,0.63,2.07,-3.68,-2.78,0.25,-1.49,-3.37,2.50,-0.16,-1.48,1.03,2.28,1.96,0.82,1.54,-0.26,-0.84,-3.15,6.11,-1.07,-9.77,-3.64,0.67,6.11,-7.39,-,-
Dividend Per Share,0.150,0.130,0.130,0.130,0.130,0.110,0.110,0.110,0.110,0.090,0.090,0.090,0.090,0.080,0.080,0.080,0.080,0.080,0.060,0.060,-,-,-,-,-,-,-,-,-,-,-,-,-
Dividend Growth,15.38%,18.18%,18.18%,18.18%,18.18%,22.22%,22.22%,22.22%,22.22%,12.50%,12.50%,12.50%,12.50%,0%,33.33%,33.33%,-,-,-,-,-,-,-,-,-,-,-,-,-,-,-,-,-
Gross Margin,100.00%,100.00%,100.00%,100.00%,100.00%,100.00%,100.00%,100.00%,100.00%,100.00%,100.00%,100.00%,100.00%,100.00%,100.00%,100.00%,100.00%,100.00%,100.00%,100.00%,100.00%,100.00%,100.00%,100.00%,100.00%,100.00%,100.00%,100.00%,100.00%,100.00%,100.00%,-,-
Operating Margin,36.42%,37.53%,33.25%,21.18%,33.29%,40.87%,36.67%,37.90%,41.96%,34.92%,-6.92%,27.35%,1.19%,30.33%,33.49%,28.05%,31.69%,29.68%,32.92%,34.63%,31.01%,32.34%,15.80%,26.61%,24.64%,22.58%,22.35%,25.05%,27.44%,18.73%,32.03%,-,-
Profit Margin,28.76%,29.70%,25.96%,15.72%,26.33%,31.76%,30.19%,28.92%,32.41%,27.02%,-5.07%,20.62%,1.07%,23.98%,25.33%,20.97%,24.28%,22.30%,25.06%,25.59%,24.27%,27.07%,10.20%,16.79%,15.83%,14.74%,1.69%,23.37%,25.62%,17.84%,30.39%,-,-
Free Cash Flow Margin,70.29%,32.00%,173.27%,193.79%,214.95%,61.80%,20.02%,65.44%,-106.79%,-77.80%,7.21%,-43.15%,-150.92%,85.93%,-5.37%,-51.24%,39.42%,91.53%,70.66%,29.08%,57.92%,-9.26%,-30.84%,-121.16%,239.39%,-33.64%,-249.44%,-92.60%,20.18%,203.78%,-242.67%,-,-
Effective Tax Rate,21.04%,20.84%,21.91%,25.77%,20.91%,22.29%,17.66%,23.69%,22.77%,22.63%,-,24.58%,9.70%,20.95%,24.36%,25.25%,23.37%,24.87%,23.87%,26.10%,21.72%,16.31%,35.43%,36.91%,35.74%,34.70%,92.45%,6.70%,6.66%,4.78%,5.12%,-,-
EBITDA,49.3,51.14,43.93,29.27,47.83,66.26,58.49,60.22,71.96,63.05,-4.53,33.15,3.64,29.8,34.26,27.53,27.46,24.52,29.87,31.79,27.2,29.65,14.65,18.93,16.57,17.43,20.27,20.41,18.66,12.12,18.76,-,-
EBITDA Margin,38.96%,39.82%,35.83%,23.78%,35.74%,43.10%,38.99%,40.23%,44.10%,37.35%,-4.10%,29.89%,5.25%,33.11%,36.21%,30.90%,34.05%,32.08%,35.02%,36.88%,33.41%,34.87%,17.81%,28.27%,26.90%,28.51%,28.35%,30.24%,32.75%,23.52%,35.85%,-,-
Depreciation & Amortization,3.22,2.95,3.17,3.21,3.28,3.42,3.48,3.49,3.5,4.11,3.11,2.82,2.82,2.51,2.58,2.53,1.9,1.84,1.79,1.93,1.96,2.15,1.66,1.11,1.39,3.63,4.29,3.5,3.02,2.47,2,-,-
EBIT,46.08,48.19,40.76,26.06,44.55,62.83,55.01,56.73,68.46,58.94,-7.64,30.33,0.83,27.29,31.68,25,25.56,22.68,28.08,29.86,25.24,27.5,12.99,17.81,15.18,13.8,15.98,16.91,15.64,9.65,16.76,-,-
EBIT Margin,36.42%,37.52%,33.25%,21.18%,33.29%,40.87%,36.67%,37.90%,41.96%,34.92%,-6.92%,27.35%,1.19%,30.33%,33.49%,28.05%,31.69%,29.68%,32.92%,34.63%,31.01%,32.34%,15.80%,26.61%,24.64%,22.58%,22.35%,25.05%,27.44%,18.73%,32.03%,-,-
