Metrics,2023-03-31,2022-12-31,2022-09-30,2022-06-30,2022-03-31,2021-12-31,2021-09-30,2021-06-30,2021-03-31,2020-12-31,2020-09-30,2020-06-30,2020-03-31,2019-12-31,2019-09-30,2019-06-30,2019-03-31,2018-12-31,2018-09-30,2018-06-30,2018-03-31,2017-12-31,2017-09-30,2017-06-30,2017-03-31,2016-12-31,2016-09-30,2016-06-30,2016-03-31,2015-12-31,2015-09-30,2015-06-30,2015-03-31,2014-12-31,2014-09-30,2014-06-30,2014-03-31,2013-12-31,2013-09-30,2013-06-30,+70 Quarters
Revenue,762.74,749.34,672.14,647.62,659.84,501.77,399.67,389.58,407.94,392.16,359.89,412.75,466.49,498.36,452.46,446.01,467.6,481.21,429.88,419.97,449.8,480.21,435.41,416.63,447.58,462.04,261.15,181.98,183.2,191.42,169.53,167.62,176.02,202.77,175,165.33,169.78,185.2,173.38,142.35,Upgrade
Revenue Growth (YoY),15.59%,49.34%,68.17%,66.24%,61.75%,27.95%,11.05%,-5.61%,-12.55%,-21.31%,-20.46%,-7.46%,-0.24%,3.56%,5.25%,6.20%,3.96%,0.21%,-1.27%,0.80%,0.50%,3.93%,66.73%,128.94%,144.31%,141.37%,54.04%,8.56%,4.08%,-5.60%,-3.12%,1.39%,3.68%,9.49%,0.93%,16.14%,6.17%,5.60%,15.82%,7.53%,Upgrade
Cost of Revenue,414.68,400.21,348.85,346.64,368.65,273.52,166.59,165.36,174.35,166.17,157.15,189.65,207.18,231.1,201.48,201.71,211.81,219.21,192.62,191.54,210.72,231.07,204.37,192.21,204.68,207.93,113.79,80.52,81.34,88.5,74.09,73.58,77.25,91.14,76.14,71.41,73.32,85.01,79.4,58.21,Upgrade
Gross Profit,348.06,349.14,323.29,300.97,291.19,228.25,233.09,224.22,233.59,225.99,202.74,223.1,259.31,267.26,250.98,244.31,255.8,262,237.26,228.43,239.08,249.14,231.05,224.42,242.9,254.12,147.36,101.46,101.86,102.93,95.44,94.05,98.77,111.63,98.86,93.92,96.46,100.19,93.98,84.15,Upgrade
"Selling, General & Admin",238.08,226.57,222.5,217.62,210.16,172.42,168.83,166.53,168.32,160.84,156.42,169.44,186.4,178.43,180.4,180.04,179.01,177.55,171.7,167.76,166.35,168.34,168.97,167.38,169.98,174.76,105.07,71.09,72.68,65.33,62.73,65.31,66.16,65.51,62.7,62.55,61.82,59.4,59.48,56.07,Upgrade
Other Operating Expenses,27.19,1.59,7.07,-42.33,28.95,8.8,11.59,12.39,11.66,15.74,11.27,10.64,16.27,11.1,11.48,11.07,10.02,11.95,14.07,13.07,11.52,18.33,14.78,16.3,14.89,17.49,36.68,9.03,5.34,5.99,12.55,5.58,4.55,5.47,4.4,4.33,4.27,4.02,3.99,3.73,Upgrade
Operating Expenses,265.27,228.17,229.57,175.3,239.11,181.21,180.42,178.92,179.98,176.58,167.69,180.08,202.67,189.53,191.87,191.11,189.03,189.5,185.77,180.83,177.87,186.67,183.75,183.67,184.87,192.25,141.75,80.11,78.02,71.32,75.28,70.88,70.71,70.98,67.1,66.87,66.09,63.41,63.47,59.81,Upgrade
Operating Income,82.79,120.97,93.73,125.67,52.07,47.04,52.67,45.31,53.61,49.41,35.05,43.02,56.64,77.73,59.11,53.2,66.77,72.5,51.49,47.6,61.21,62.47,47.3,40.75,58.03,61.86,5.61,21.35,23.85,31.61,20.16,23.16,28.07,40.66,31.76,27.05,30.36,36.78,30.5,24.34,Upgrade
Interest Expense / Income,20.9,19.96,18.28,16.25,16.22,10,7.96,7.2,7.23,7.39,6.56,6.97,8.42,8.2,8.92,8.55,8.37,8.58,7.87,6.53,6.2,6.21,6.13,5.59,6.11,6.46,5.07,4.33,4.46,4.41,4.34,4.13,4.02,4.12,4.06,3.91,1.44,1.02,1.12,0.63,Upgrade
Other Expense / Income,-1.32,-0.6,0.05,-0.2,-1.16,-0.09,0.42,-0.7,0.11,-1.09,10.81,-1.14,2.5,-1.98,1.22,-0.64,-0.44,0.75,-0.46,-1.2,-0.77,-0.78,-0.4,13.7,-0.33,-0.72,0.12,-0.22,-0.27,-0.42,-0.41,-0.39,-0.34,-0.16,-0.18,-0.26,0.19,0.69,-0.08,-0.06,Upgrade
Pretax Income,63.21,101.61,75.4,109.62,37.01,37.13,44.3,38.81,46.27,43.11,17.69,37.19,45.72,71.52,48.96,45.29,58.84,63.18,44.08,42.27,55.78,57.04,41.57,21.47,52.24,56.12,0.42,17.25,19.66,27.63,16.23,19.43,24.39,36.69,27.88,23.4,28.74,35.08,29.47,23.77,Upgrade
Income Tax,15.83,21.54,16.08,23.52,9,7.76,10.9,10.38,12.56,10.38,2.62,11.32,12.8,17.36,14.2,12.24,16.19,15.1,10.76,12.1,14.14,-10.7,13.29,6.23,19.6,19.43,1.84,5.57,6.49,8.22,5.06,6.09,7.6,9.75,8.35,7.38,6.05,10.3,6.32,8.11,Upgrade
Net Income,47.39,80.07,59.32,86.11,28.01,29.37,33.4,28.43,33.72,32.73,15.06,25.87,32.92,54.15,34.76,33.05,42.66,48.08,33.33,30.17,41.64,67.73,28.27,15.24,32.65,36.69,-1.41,11.67,13.17,19.41,11.17,13.34,16.79,26.94,19.53,16.02,22.68,24.78,23.14,15.66,Upgrade
Net Income Growth,69.21%,172.60%,77.61%,202.91%,-16.94%,-10.25%,121.72%,9.87%,2.42%,-39.57%,-56.67%,-21.71%,-22.83%,12.64%,4.31%,9.54%,2.45%,-29.02%,17.86%,97.99%,27.54%,84.60%,-,30.55%,147.80%,89.04%,-,-12.49%,-21.53%,-27.95%,-42.78%,-16.71%,-25.99%,8.73%,-15.61%,2.25%,11.93%,-10.25%,22.51%,-4.20%,Upgrade
Shares Outstanding (Basic),46,46,47,47,48,40,40,41,41,41,41,41,42,43,43,43,44,44,44,45,47,47,48,48,48,49,28,28,28,28,28,28,28,28,28,29,29,29,29,29,Upgrade
Shares Change,-4.53%,14.55%,16.28%,15.69%,18.15%,-2.43%,-2.39%,-1.00%,-2.28%,-2.90%,-3.54%,-3.91%,-3.60%,-2.63%,-3.08%,-5.04%,-6.42%,-7.11%,-7.11%,-5.98%,-3.59%,-2.72%,68.96%,71.02%,70.98%,74.45%,0.88%,0.17%,-0.26%,-1.77%,-1.66%,-2.62%,-2.18%,-2.07%,-1.50%,-0.79%,-1.11%,0.92%,1.03%,2.01%,Upgrade
EPS (Basic),1.03,1.72,1.26,1.82,0.58,0.71,0.83,0.70,0.82,0.79,0.36,0.62,0.79,1.27,0.81,0.77,0.98,1.09,0.76,0.67,0.90,1.43,0.59,0.32,0.67,0.95,-0.04,0.41,0.47,0.70,0.40,0.47,0.59,0.95,0.69,0.55,0.78,0.86,0.80,0.54,Upgrade
EPS (Diluted),1.02,1.72,1.26,1.81,0.58,0.70,0.82,0.70,0.82,0.79,0.36,0.62,0.78,1.26,0.81,0.76,0.98,1.08,0.76,0.67,0.90,1.42,0.59,0.32,0.67,0.95,-0.04,0.41,0.47,0.69,0.40,0.47,0.59,0.93,0.68,0.55,0.77,0.85,0.79,0.53,Upgrade
EPS Growth,75.86%,145.71%,53.66%,158.57%,-29.27%,-11.39%,127.78%,12.90%,5.13%,-37.30%,-55.56%,-18.42%,-20.41%,16.67%,6.58%,13.43%,8.89%,-23.94%,28.81%,109.38%,34.33%,49.47%,-,-21.95%,42.55%,37.68%,-,-12.77%,-20.34%,-25.81%,-41.18%,-14.55%,-23.38%,9.41%,-13.92%,3.77%,13.24%,-8.60%,23.44%,-5.36%,Upgrade
Free Cash Flow Per Share,1.71,2.86,1.49,0.96,2.12,0.84,0.11,0.45,1.10,0.26,0.61,1.11,1.36,0.58,0.85,0.26,0.92,1.24,0.83,0.32,1.77,1.29,0.77,0.61,1.16,0.95,-0.19,0.13,0.66,0.79,0.58,0.36,0.81,0.78,0.53,0.59,0.67,0.83,0.74,0.49,Upgrade
Dividend Per Share,-,0.330,0.330,0.300,0.300,0.300,0.300,0.300,0.270,0.270,0.270,0.270,0.270,0.270,0.250,0.250,0.250,0.250,0.220,0.220,0.220,0.200,0.190,0.190,0.190,0.190,0.125,0.125,0.125,-,-,-,-,-,-,-,-,-,-,-,Upgrade
Dividend Growth,-,10.00%,10.00%,0%,11.11%,11.11%,11.11%,11.11%,0%,0%,8.00%,8.00%,8.00%,8.00%,13.64%,13.64%,13.64%,25.00%,15.79%,15.79%,15.79%,5.26%,52.00%,52.00%,52.00%,-,-,-,-,-,-,-,-,-,-,-,-,-,-,-,Upgrade
Gross Margin,45.63%,46.59%,48.10%,46.47%,44.13%,45.49%,58.32%,57.56%,57.26%,57.63%,56.33%,54.05%,55.59%,53.63%,55.47%,54.78%,54.70%,54.45%,55.19%,54.39%,53.15%,51.88%,53.06%,53.87%,54.27%,55.00%,56.43%,55.75%,55.60%,53.77%,56.30%,56.11%,56.11%,55.05%,56.49%,56.81%,56.81%,54.10%,54.20%,59.11%,Upgrade
Operating Margin,10.85%,16.14%,13.94%,19.41%,7.89%,9.37%,13.18%,11.63%,13.14%,12.60%,9.74%,10.42%,12.14%,15.60%,13.06%,11.93%,14.28%,15.07%,11.98%,11.33%,13.61%,13.01%,10.86%,9.78%,12.96%,13.39%,2.15%,11.73%,13.02%,16.51%,11.89%,13.82%,15.94%,20.05%,18.15%,16.36%,17.88%,19.86%,17.59%,17.10%,Upgrade
Profit Margin,6.21%,10.68%,8.82%,13.30%,4.24%,5.85%,8.36%,7.30%,8.26%,8.35%,4.19%,6.27%,7.06%,10.87%,7.68%,7.41%,9.12%,9.99%,7.75%,7.18%,9.26%,14.11%,6.49%,3.66%,7.29%,7.94%,-0.54%,6.41%,7.19%,10.14%,6.59%,7.96%,9.54%,13.29%,11.16%,9.69%,13.36%,13.38%,13.35%,11.00%,Upgrade
Free Cash Flow Margin,10.39%,17.66%,10.41%,7.05%,15.59%,6.73%,1.09%,4.72%,11.09%,2.72%,7.04%,11.15%,12.26%,4.99%,8.09%,2.53%,8.53%,11.28%,8.53%,3.40%,18.34%,12.70%,8.46%,7.11%,12.46%,9.94%,-2.09%,2.07%,10.23%,11.54%,9.61%,6.12%,13.09%,10.95%,8.60%,10.26%,11.50%,12.94%,12.34%,9.96%,Upgrade
Effective Tax Rate,25.03%,21.20%,21.33%,21.45%,24.33%,20.90%,24.61%,26.74%,27.14%,24.08%,14.84%,30.43%,28.00%,24.28%,29.01%,27.02%,27.51%,23.90%,24.40%,28.62%,25.36%,-18.76%,31.98%,29.02%,37.51%,34.62%,433.81%,32.31%,32.99%,29.74%,31.18%,31.35%,31.17%,26.58%,29.96%,31.56%,21.07%,29.36%,21.46%,34.10%,Upgrade
EBITDA,212.83,238.57,206.17,234.46,172.48,73.13,63.47,56.91,64.11,61.18,34.67,54.49,64.81,90.56,68.56,64.34,77.09,81.63,62.8,59.75,73.26,75.67,61.57,41.74,72.6,77.28,12.78,26.52,29.06,36.32,25.21,28.02,32.96,45.29,36.34,31.63,34.44,40.11,34.58,28.14,Upgrade
EBITDA Margin,27.90%,31.84%,30.67%,36.20%,26.14%,14.57%,15.88%,14.61%,15.72%,15.60%,9.63%,13.20%,13.89%,18.17%,15.15%,14.43%,16.49%,16.96%,14.61%,14.23%,16.29%,15.76%,14.14%,10.02%,16.22%,16.73%,4.89%,14.57%,15.86%,18.97%,14.87%,16.72%,18.72%,22.34%,20.77%,19.13%,20.29%,21.66%,19.94%,19.76%,Upgrade
Depreciation & Amortization,128.72,117,112.49,108.59,119.25,26,11.22,10.9,10.61,10.68,10.43,10.32,10.67,10.85,10.67,10.51,9.87,9.88,10.85,10.95,11.28,12.43,13.87,14.69,14.24,14.7,7.28,4.95,4.94,4.29,4.64,4.47,4.55,4.48,4.4,4.33,4.27,4.02,3.99,3.73,Upgrade
EBIT,84.11,121.57,93.68,125.87,53.23,47.13,52.26,46,53.5,50.5,24.25,44.16,54.14,79.71,57.89,53.83,67.21,71.76,51.95,48.8,61.98,63.24,47.7,27.05,58.36,62.58,5.5,21.57,24.12,32.03,20.57,23.56,28.41,40.82,31.94,27.31,30.17,36.09,30.59,24.4,Upgrade
EBIT Margin,11.03%,16.22%,13.94%,19.44%,8.07%,9.39%,13.07%,11.81%,13.11%,12.88%,6.74%,10.70%,11.60%,15.99%,12.79%,12.07%,14.37%,14.91%,12.08%,11.62%,13.78%,13.17%,10.95%,6.49%,13.04%,13.54%,2.10%,11.85%,13.17%,16.73%,12.13%,14.05%,16.14%,20.13%,18.25%,16.52%,17.77%,19.49%,17.64%,17.14%,Upgrade
