Metrics,2023-03-31,2022-12-31,2022-09-30,2022-06-30,2022-03-31,2021-12-31,2021-09-30,2021-06-30,2021-03-31,2020-12-31,2020-09-30,2020-06-30,2020-03-31,2019-12-31,2019-09-30,2019-06-30,2019-03-31,2018-12-31,2018-09-30,2018-06-30,2018-03-31,2017-12-31,2017-09-30,2017-06-30,2017-03-31,2016-12-31,2016-09-30,2016-06-30,2016-03-31,2015-12-31,2015-09-30,2015-06-30,2015-03-31,2014-12-31,2014-09-30,2014-06-30,2014-03-31,2013-12-31,2013-09-30,2013-06-30,+53 Quarters
Revenue,382.19,373.9,381.14,366.01,324.76,321.65,326.59,311.04,341.17,363.92,364.46,360.71,359.18,358.03,340.34,321.48,307.05,307.22,308.62,255.99,263.85,278.31,278.32,272.8,273.5,289.9,294.62,286.74,272.11,243.64,234.32,228.13,220.52,217.86,216.92,212.98,211.5,214.72,211.87,223.81,Upgrade
Revenue Growth (YoY),17.68%,16.25%,16.70%,17.67%,-4.81%,-11.62%,-10.39%,-13.77%,-5.01%,1.65%,7.09%,12.20%,16.98%,16.54%,10.28%,25.58%,16.37%,10.39%,10.89%,-6.16%,-3.53%,-4.00%,-5.53%,-4.86%,0.51%,18.99%,25.73%,25.69%,23.39%,11.83%,8.02%,7.11%,4.27%,1.46%,2.38%,-4.84%,-7.23%,-12.30%,-11.16%,-3.59%,Upgrade
Gross Profit,382.19,373.9,381.14,366.01,324.76,321.65,326.59,311.04,341.17,363.92,364.46,360.71,359.18,358.03,340.34,321.48,307.05,307.22,308.62,255.99,263.85,278.31,278.32,272.8,273.5,289.9,294.62,286.74,272.11,243.64,234.32,228.13,220.52,217.86,216.92,212.98,211.5,214.72,211.87,223.81,Upgrade
"Selling, General & Admin",286.85,273.14,271.74,263.33,231.34,222.83,220.65,221.56,235.6,242.02,244.15,255.18,259.58,251.99,243.48,231.86,231.53,214.81,219.45,174.75,182.53,182.75,185.13,185.92,192.31,202.39,202.79,195.65,195.13,164.47,157,153.01,157.83,153.39,153.09,151.07,150.96,158.26,146.65,151.06,Upgrade
Other Operating Expenses,10.17,37.01,12.63,10.36,9.48,10.23,7.54,7.67,8.1,7.12,6.92,8.28,6.86,3.24,7.56,4.68,4.63,4.46,7.27,0.49,1.66,4.73,4.5,2.67,3.42,2.7,3.19,3.42,2.42,2.29,3.08,5.84,3.66,2.83,3,3.07,3.9,-3.29,7.46,6.72,Upgrade
Operating Expenses,297.02,310.15,284.36,273.69,240.82,233.06,228.19,229.23,243.7,249.14,251.07,263.46,266.44,255.23,251.03,236.54,236.16,219.26,226.72,175.24,184.18,187.48,189.63,188.59,195.73,205.08,205.98,199.07,197.55,166.75,160.08,158.85,161.48,156.22,156.09,154.14,154.85,154.96,154.11,157.78,Upgrade
Operating Income,85.17,63.75,96.78,92.32,83.95,88.58,98.4,81.81,97.48,114.78,113.38,97.25,92.74,102.79,89.31,84.94,70.89,87.95,81.9,80.76,79.67,90.83,88.69,84.21,77.77,84.82,88.64,87.67,74.56,76.89,74.24,69.28,59.04,61.63,60.83,58.84,56.65,59.76,57.76,66.03,Upgrade
Interest Expense / Income,3.13,3.2,3.3,3.35,1.22,0.47,0.48,0.35,0.49,0.47,0.49,0.79,0.93,1.07,1.24,1.33,1.4,1.52,1.6,1.43,1.33,1.24,1.25,1.18,1.1,1.06,1.04,1.02,1.06,0.97,0.98,0.97,1.37,1.79,2.16,2.85,2.81,3,3.08,3.14,Upgrade
Other Expense / Income,-8.57,-9.47,2.36,12.42,9.25,-1.08,3.4,-9.61,-2.49,-9.04,-5.86,-11.21,5.19,-6.96,-8.09,0.42,-2.97,4.73,-1.05,27.44,-0.9,-3.43,-2.76,-2.7,-2.83,-0.37,0.08,2.61,0.86,0.01,3.06,0.11,-0.77,-2.32,-1.09,-3.86,-3.16,-6.35,-3.94,-2.58,Upgrade
Pretax Income,90.61,70.02,91.12,76.55,73.47,89.19,94.53,91.08,99.48,123.35,118.75,107.68,86.62,108.69,96.15,83.19,72.46,81.7,81.35,51.88,79.24,93.02,90.2,85.73,79.5,84.13,87.52,84.04,72.64,75.9,70.2,68.2,58.43,62.17,59.76,59.85,56.99,63.11,58.62,65.47,Upgrade
Income Tax,21.01,13.52,21.64,18.89,17.61,20.63,23.16,35.19,25,28.18,32.93,26.48,22.44,26.58,23.19,20.46,17.91,20.16,21.74,13.06,18.91,-38.79,33.76,32.27,29.86,28.29,32.6,31.34,27.2,28.29,26.07,26.44,22.12,22.55,22.2,22.99,21.8,22.04,20.92,25.06,Upgrade
Net Income,69.6,56.5,69.48,57.66,55.86,68.56,71.36,55.88,74.48,95.17,85.82,81.2,64.18,82.11,72.96,62.72,54.55,61.54,59.61,38.82,60.33,131.81,56.44,53.45,49.64,55.84,54.93,52.71,45.44,47.61,44.13,41.76,36.31,39.61,37.56,36.87,35.19,41.07,37.7,40.41,Upgrade
Net Income Growth,24.59%,-17.60%,-2.64%,3.17%,-25.00%,-27.96%,-16.85%,-31.17%,16.06%,15.91%,17.63%,29.45%,17.66%,33.43%,22.40%,61.57%,-9.59%,-53.31%,5.61%,-27.37%,21.53%,136.04%,2.76%,1.41%,9.24%,17.29%,24.46%,26.22%,25.16%,20.19%,17.49%,13.26%,3.16%,-3.55%,-0.38%,-8.76%,-18.14%,-17.16%,-32.40%,-0.00%,Upgrade
Shares Outstanding (Basic),89,89,89,92,92,97,98,98,99,99,100,101,101,101,101,101,101,101,101,101,101,101,101,102,102,102,103,104,104,104,105,105,105,105,105,105,105,105,105,105,Upgrade
Shares Change,-2.97%,-8.11%,-8.63%,-6.92%,-7.11%,-2.53%,-2.63%,-2.44%,-2.04%,-1.75%,-0.99%,-0.28%,0.32%,0.64%,0.42%,-0.22%,-0.19%,-0.40%,-0.67%,-0.50%,-0.70%,-1.29%,-1.62%,-1.95%,-2.07%,-1.82%,-1.45%,-0.97%,-0.90%,-0.47%,-0.24%,-0.10%,0.07%,0.00%,0.25%,0.30%,0.29%,0.65%,0.50%,0.59%,Upgrade
EPS (Basic),0.78,0.63,0.78,0.64,0.61,0.72,0.73,0.57,0.75,0.95,0.86,0.81,0.63,0.81,0.72,0.62,0.54,0.61,0.59,0.38,0.60,1.30,0.56,0.53,0.49,0.55,0.54,0.51,0.44,0.45,0.42,0.40,0.35,0.37,0.36,0.35,0.34,0.39,0.36,0.39,Upgrade
EPS (Diluted),0.78,0.63,0.78,0.64,0.61,0.71,0.73,0.56,0.75,0.94,0.85,0.80,0.63,0.81,0.72,0.62,0.54,0.61,0.59,0.38,0.60,1.30,0.56,0.53,0.49,0.55,0.54,0.51,0.44,0.45,0.42,0.40,0.35,0.37,0.36,0.35,0.34,0.39,0.36,0.39,Upgrade
EPS Growth,27.87%,-11.27%,6.85%,14.29%,-18.67%,-24.47%,-14.12%,-30.00%,19.05%,16.05%,18.06%,29.03%,16.67%,32.79%,22.03%,63.16%,-10.00%,-53.08%,5.36%,-28.30%,22.45%,136.36%,3.70%,3.92%,11.36%,22.22%,28.57%,27.50%,25.71%,21.62%,16.67%,14.29%,2.94%,-5.13%,0%,-10.26%,-17.07%,-15.22%,-33.33%,0%,Upgrade
Free Cash Flow Per Share,0.05,1.49,1.24,1.07,-0.23,0.69,0.42,0.85,-0.33,1.26,0.86,1.20,0.27,1.18,0.96,0.91,0.12,1.12,-0.54,0.85,0.45,1.85,0.96,0.61,0.31,0.86,0.81,0.57,0.22,0.76,0.75,0.53,0.13,0.73,0.42,0.44,0.16,1.31,0.50,0.43,Upgrade
Dividend Per Share,0.270,0.270,0.270,0.270,0.270,0.270,0.270,0.270,0.270,1.270,0.270,0.270,0.270,0.270,0.270,0.270,0.270,0.270,0.270,0.270,0.250,0.250,0.250,0.250,0.250,1.250,0.250,0.250,0.250,0.250,0.250,0.250,0.250,0.250,0.250,0.250,0.250,0.250,0.250,0.240,Upgrade
Dividend Growth,0%,0%,0%,0%,0%,-78.74%,0%,0%,0%,370.37%,0%,0%,0%,0%,0%,0%,8.00%,8.00%,8.00%,8.00%,0%,-80.00%,0%,0%,0%,400.00%,0%,0%,0%,0%,0%,0%,0%,0%,0%,4.17%,4.17%,-85.71%,4.17%,0%,Upgrade
Gross Margin,100.00%,100.00%,100.00%,100.00%,100.00%,100.00%,100.00%,100.00%,100.00%,100.00%,100.00%,100.00%,100.00%,100.00%,100.00%,100.00%,100.00%,100.00%,100.00%,100.00%,100.00%,100.00%,100.00%,100.00%,100.00%,100.00%,100.00%,100.00%,100.00%,100.00%,100.00%,100.00%,100.00%,100.00%,100.00%,100.00%,100.00%,100.00%,100.00%,100.00%,Upgrade
Operating Margin,22.28%,17.05%,25.39%,25.22%,25.85%,27.54%,30.13%,26.30%,28.57%,31.54%,31.11%,26.96%,25.82%,28.71%,26.24%,26.42%,23.09%,28.63%,26.54%,31.55%,30.20%,32.64%,31.87%,30.87%,28.44%,29.26%,30.08%,30.57%,27.40%,31.56%,31.68%,30.37%,26.77%,28.29%,28.04%,27.63%,26.78%,27.83%,27.26%,29.50%,Upgrade
Profit Margin,18.21%,15.11%,18.23%,15.75%,17.20%,21.32%,21.85%,17.97%,21.83%,26.15%,23.55%,22.51%,17.87%,22.93%,21.44%,19.51%,17.76%,20.03%,19.31%,15.17%,22.87%,47.36%,20.28%,19.59%,18.15%,19.26%,18.64%,18.38%,16.70%,19.54%,18.83%,18.31%,16.46%,18.18%,17.32%,17.31%,16.64%,19.13%,17.80%,18.05%,Upgrade
Free Cash Flow Margin,1.22%,35.34%,29.07%,26.70%,-6.50%,20.76%,12.71%,26.96%,-9.43%,34.30%,23.73%,33.47%,7.71%,33.20%,28.64%,28.57%,3.81%,36.52%,-17.55%,33.59%,17.05%,67.19%,35.09%,22.66%,11.37%,30.25%,28.19%,20.61%,8.45%,32.65%,33.40%,24.41%,6.19%,34.97%,20.54%,21.76%,7.82%,63.91%,24.51%,20.02%,Upgrade
Effective Tax Rate,23.19%,19.31%,23.75%,24.68%,23.97%,23.13%,24.50%,38.64%,25.13%,22.85%,27.73%,24.59%,25.91%,24.46%,24.12%,24.60%,24.72%,24.68%,26.73%,25.18%,23.86%,-41.70%,37.43%,37.65%,37.56%,33.63%,37.24%,37.28%,37.44%,37.27%,37.14%,38.77%,37.86%,36.28%,37.15%,38.40%,38.25%,34.92%,35.68%,38.28%,Upgrade
EBITDA,101.76,80.1,101.2,86.86,82.16,97.04,102.64,98.95,107.45,131.32,126.82,116.01,94.87,116.96,104.6,90.29,81.67,90.19,89.08,56.8,84.05,98.56,95.76,91.77,85.79,90.67,93.92,90.52,78.95,82.5,77.23,75.55,66.33,70.43,67.84,68.33,65.19,71.28,66.73,73.38,Upgrade
EBITDA Margin,26.62%,21.42%,26.55%,23.73%,25.30%,30.17%,31.43%,31.81%,31.49%,36.08%,34.80%,32.16%,26.41%,32.67%,30.73%,28.08%,26.60%,29.36%,28.86%,22.19%,31.85%,35.41%,34.41%,33.64%,31.37%,31.28%,31.88%,31.57%,29.02%,33.86%,32.96%,33.12%,30.08%,32.33%,31.27%,32.08%,30.82%,33.20%,31.50%,32.79%,Upgrade
Depreciation & Amortization,8.02,6.89,6.77,6.96,7.46,7.37,7.64,7.53,7.47,7.5,7.57,7.54,7.32,7.21,7.21,5.77,7.81,6.97,6.13,3.48,3.48,4.29,4.31,4.87,5.19,5.48,5.36,5.46,5.26,5.63,6.05,6.38,6.53,6.48,5.92,5.62,5.38,5.18,5.03,4.78,Upgrade
EBIT,93.74,73.22,94.42,79.9,74.7,89.66,95,91.42,99.97,123.82,119.24,108.46,87.55,109.76,97.39,84.52,73.86,83.22,82.95,53.32,80.57,94.26,91.45,86.91,80.6,85.19,88.56,85.06,73.7,76.87,71.18,69.17,59.8,63.95,61.92,62.7,59.8,66.11,61.7,68.6,Upgrade
EBIT Margin,24.53%,19.58%,24.77%,21.83%,23.00%,27.88%,29.09%,29.39%,29.30%,34.02%,32.72%,30.07%,24.38%,30.66%,28.62%,26.29%,24.05%,27.09%,26.88%,20.83%,30.54%,33.87%,32.86%,31.86%,29.47%,29.39%,30.06%,29.67%,27.08%,31.55%,30.38%,30.32%,27.12%,29.35%,28.55%,29.44%,28.28%,30.79%,29.12%,30.65%,Upgrade
