Metrics,2023-03-31,2022-12-31,2022-09-30,2022-06-30,2022-03-31,2021-12-31,2021-09-30,2021-06-30,2021-03-31,2020-12-31,2020-09-30,2020-06-30,2020-03-31,2019-12-31,2019-09-30,2019-06-30,2019-03-31,2018-12-31,2018-09-30,2018-06-30,2018-03-31,2017-12-31,2017-09-30,2017-06-30,2017-03-31,2016-12-31,2016-09-30,2016-06-30,2016-03-31,2015-12-31,2015-09-30,2015-06-30,2015-03-31,2014-12-31,2014-09-30,2014-06-30,2014-03-31,2013-12-31,2013-09-30,2013-06-30,+69 Quarters
Revenue,66.49,63.07,64.91,64.48,61.66,57.65,60.75,61.59,42.38,48.38,42.21,39.33,40.9,43.12,41.38,44.81,45.94,39.47,35.46,33.94,29.63,28.27,29.05,30.08,28.55,27.54,23.44,21.7,22.62,21.57,18.52,17.74,17.15,17.48,17.36,17.67,16.71,16.65,17.34,16.8,Upgrade
Revenue Growth (YoY),7.83%,9.41%,6.84%,4.69%,45.50%,19.14%,43.92%,56.60%,3.61%,12.21%,2.00%,-12.23%,-10.97%,9.26%,16.72%,32.03%,55.07%,39.58%,22.07%,12.82%,3.79%,2.68%,23.91%,38.65%,26.21%,27.66%,26.54%,22.31%,31.91%,23.38%,6.71%,0.36%,2.64%,5.00%,0.09%,5.18%,2.65%,0.90%,5.67%,2.84%,Upgrade
Gross Profit,66.49,63.07,64.91,64.48,61.66,57.65,60.75,61.59,42.38,48.38,42.21,39.33,40.9,43.12,41.38,44.81,45.94,39.47,35.46,33.94,29.63,28.27,29.05,30.08,28.55,27.54,23.44,21.7,22.62,21.57,18.52,17.74,17.15,17.48,17.36,17.67,16.71,16.65,17.34,16.8,Upgrade
"Selling, General & Admin",34.71,32.32,33.65,34.76,33.38,29.92,29.33,32.77,30.68,25.04,21.68,21.67,22.89,22.54,20.9,22.16,22.96,20.27,17,16.9,15.17,15.21,14.15,14.58,14.38,13.27,11.93,11.59,12.67,11.42,10.08,9.24,8.99,9.48,9.18,9.26,9.18,9.12,9.28,9.07,Upgrade
Other Operating Expenses,6.87,7.05,7.9,6.76,7.01,5.72,6.99,13.24,6.92,5.29,5.25,4.42,4.84,5.06,5,8.03,5.35,6.05,7.49,3.9,3.21,3.94,3.76,3.38,4.82,3.6,3.39,2.55,2.5,2.92,2.8,1.99,1.82,1.76,1.91,1.95,1.78,1.77,1.8,1.85,Upgrade
Operating Expenses,41.58,39.37,41.55,41.52,40.39,35.65,36.32,46.01,37.6,30.33,26.93,26.1,27.73,27.6,25.89,30.19,28.31,26.32,24.49,20.8,18.37,19.15,17.91,17.96,19.2,16.88,15.32,14.14,15.17,14.33,12.88,11.23,10.8,11.24,11.09,11.21,10.96,10.89,11.08,10.92,Upgrade
Operating Income,24.91,23.7,23.36,22.96,21.27,22,24.43,15.58,4.78,18.05,15.29,13.23,13.17,15.52,15.49,14.62,17.63,13.15,10.97,13.14,11.25,9.12,11.13,12.13,9.34,10.66,8.12,7.55,7.45,7.24,5.64,6.51,6.34,6.24,6.27,6.46,5.75,5.76,6.26,5.89,Upgrade
Pretax Income,24.91,23.7,23.36,22.96,21.27,22,24.43,15.58,4.78,18.05,15.29,13.23,13.17,15.52,15.49,14.62,17.63,13.15,10.97,13.14,11.25,9.12,11.13,12.13,9.34,10.66,8.12,7.55,7.45,7.24,5.64,6.51,6.34,6.24,6.27,6.46,5.75,5.76,6.26,5.89,Upgrade
Income Tax,5.73,3.06,5.42,5.21,4.65,5.17,6.11,3.36,0.67,4.48,3.72,3.1,3.17,3.54,3.82,3.64,4.32,3.21,2.73,3.11,2.86,4.5,3.54,3.93,3.08,3.86,2.81,2.62,2.64,2.58,1.98,2.35,2.3,2.33,2.36,2.43,2.14,2.14,2.35,2.22,Upgrade
Net Income,19.18,20.64,17.94,17.76,16.62,16.83,18.33,12.22,4.11,13.57,11.57,10.14,10,11.98,11.67,10.98,13.32,9.94,8.23,10.04,8.39,4.63,7.6,8.2,6.26,6.8,5.31,4.93,4.81,4.65,3.66,4.16,4.04,3.91,3.92,4.03,3.61,3.62,3.91,3.67,Upgrade
Preferred Dividends,0,0,0,0,0,0,0,0,0,0,0,0,0,0,0,0,0,0,0,0,0,0,0,0,0,0,0,0.28,0.55,0.55,0.55,0.55,0.55,0.84,1.11,1.1,1.1,1.1,1.1,1.11,Upgrade
Net Income Common,19.18,20.64,17.94,17.76,16.62,16.83,18.33,12.22,4.11,13.57,11.57,10.14,10,11.98,11.67,10.98,13.32,9.94,8.23,10.04,8.39,4.63,7.6,8.2,6.26,6.8,5.31,4.65,4.26,4.1,3.11,3.61,3.49,3.07,2.81,2.93,2.5,2.52,2.81,2.56,Upgrade
Net Income Growth,15.43%,22.60%,-2.11%,45.31%,304.38%,24.06%,58.46%,20.56%,-58.91%,13.30%,-0.90%,-7.69%,-24.91%,20.50%,41.73%,9.41%,58.71%,114.90%,8.41%,22.40%,33.94%,-31.96%,43.09%,76.19%,47.18%,65.62%,70.51%,29.06%,21.98%,33.64%,10.78%,23.28%,39.39%,22.11%,0.14%,14.26%,3.26%,4.57%,10.34%,7.83%,Upgrade
Shares Outstanding (Basic),20,20,20,20,20,18,18,17,18,17,17,17,17,17,17,17,17,15,15,14,13,13,13,12,12,12,10,8,8,8,8,7,7,6,6,6,6,6,6,6,Upgrade
Shares Change,0.29%,13.13%,13.12%,22.18%,13.30%,8.08%,8.10%,0.20%,8.03%,0.43%,0.19%,0.15%,0.16%,8.94%,9.20%,16.35%,31.54%,21.23%,22.19%,14.78%,1.56%,1.29%,27.13%,47.62%,47.58%,47.84%,16.88%,20.71%,20.51%,43.42%,43.15%,19.31%,19.48%,-0.84%,-1.18%,-1.28%,-1.00%,-1.79%,-1.14%,-1.19%,Upgrade
EPS (Basic),0.94,1.01,0.88,0.87,0.86,0.94,1.01,0.68,0.24,0.81,0.69,0.61,0.60,0.72,0.70,0.66,0.80,0.62,0.54,0.72,0.66,0.37,0.61,0.66,0.50,0.55,0.51,0.51,0.50,0.49,0.37,0.50,0.50,0.48,0.48,0.49,0.43,0.43,0.47,0.43,Upgrade
EPS (Diluted),0.93,1.00,0.88,0.86,0.86,0.93,1.01,0.68,0.24,0.81,0.69,0.60,0.60,0.72,0.70,0.66,0.80,0.62,0.54,0.72,0.66,0.37,0.61,0.66,0.50,0.55,0.51,0.50,0.49,0.48,0.37,0.49,0.48,0.47,0.47,0.48,0.43,0.42,0.47,0.43,Upgrade
EPS Growth,8.14%,7.53%,-12.87%,26.47%,258.33%,14.81%,46.38%,13.33%,-60.00%,12.50%,-1.43%,-9.09%,-25.00%,16.13%,29.63%,-8.33%,21.21%,67.57%,-11.48%,9.09%,32.00%,-32.73%,19.61%,32.00%,2.04%,14.58%,37.84%,2.04%,2.08%,2.13%,-21.28%,2.08%,11.63%,11.90%,0%,11.63%,4.88%,5.00%,11.90%,10.26%,Upgrade
Free Cash Flow Per Share,0.94,0.51,1.61,-0.33,1.18,1.19,2.46,-1.23,1.13,1.83,0.38,0.49,0.95,1.19,0.56,0.78,0.99,0.94,0.48,0.47,0.83,1.06,0.62,1.02,0.89,0.96,0.26,0.88,0.58,1.11,0.56,-0.09,0.97,1.21,0.30,1.32,-0.01,1.63,0.67,0.31,Upgrade
Dividend Per Share,0.230,0.230,0.230,0.220,0.220,0.220,0.220,0.205,0.205,0.410,-,0.400,-,0.400,-,0.360,-,0.360,-,0.340,-,0.340,-,0.320,-,0.160,0.160,0.300,-,0.300,-,-,-,0.290,-,0.260,-,0.250,-,0.210,Upgrade
Dividend Growth,4.55%,4.55%,4.55%,7.32%,7.32%,-46.34%,-,-48.75%,-,2.50%,-,11.11%,-,11.11%,-,5.88%,-,5.88%,-,6.25%,-,112.50%,-,6.67%,-,-46.67%,-,-,-,3.45%,-,-,-,16.00%,-,23.81%,-,19.05%,-,0%,Upgrade
Gross Margin,100.00%,100.00%,100.00%,100.00%,100.00%,100.00%,100.00%,100.00%,100.00%,100.00%,100.00%,100.00%,100.00%,100.00%,100.00%,100.00%,100.00%,100.00%,100.00%,100.00%,100.00%,100.00%,100.00%,100.00%,100.00%,100.00%,100.00%,100.00%,100.00%,100.00%,100.00%,100.00%,100.00%,100.00%,100.00%,100.00%,100.00%,100.00%,100.00%,100.00%,Upgrade
Operating Margin,37.47%,37.58%,35.99%,35.61%,34.50%,38.17%,40.21%,25.29%,11.27%,37.31%,36.21%,33.65%,32.20%,35.99%,37.43%,32.63%,38.38%,33.31%,30.93%,38.72%,37.98%,32.26%,38.33%,40.31%,32.73%,38.71%,34.64%,34.81%,32.93%,33.56%,30.46%,36.69%,36.99%,35.69%,36.12%,36.55%,34.39%,34.59%,36.10%,35.02%,Upgrade
Profit Margin,28.85%,32.72%,27.64%,27.54%,26.95%,29.20%,30.17%,19.84%,9.70%,28.04%,27.40%,25.77%,24.45%,27.77%,28.20%,24.51%,28.98%,25.18%,23.22%,29.57%,28.32%,16.36%,26.15%,27.26%,21.94%,24.68%,22.65%,21.45%,18.82%,19.03%,16.81%,20.33%,20.35%,17.57%,16.19%,16.55%,14.98%,15.10%,16.18%,15.24%,Upgrade
Free Cash Flow Margin,29.12%,16.52%,50.90%,-10.48%,39.10%,37.44%,73.27%,-33.38%,48.04%,63.45%,15.23%,20.64%,38.70%,46.11%,22.75%,29.00%,35.76%,36.46%,20.82%,20.08%,35.37%,47.45%,26.58%,42.17%,38.74%,43.34%,10.93%,34.38%,21.76%,43.28%,25.25%,-3.48%,39.89%,40.75%,10.11%,43.92%,-0.26%,57.88%,23.14%,10.92%,Upgrade
Effective Tax Rate,23.00%,12.92%,23.20%,22.67%,21.88%,23.49%,24.99%,21.55%,13.98%,24.84%,24.34%,23.40%,24.08%,22.83%,24.66%,24.91%,24.49%,24.39%,24.91%,23.63%,25.44%,49.30%,31.78%,32.38%,32.96%,36.24%,34.63%,34.74%,35.46%,35.70%,35.08%,36.14%,36.31%,37.34%,37.56%,37.63%,37.21%,37.16%,37.56%,37.72%,Upgrade
EBITDA,28.4,27.26,27.21,26.84,25.05,26.32,28.01,19.44,7.47,20.98,18.37,16.23,15.89,18.17,18.24,17.63,20.06,15.6,12.92,14.89,12.98,11.02,13.25,14.23,11.37,13,10.15,9.4,9.17,8.77,6.73,7.45,7.22,7.19,7.25,7.51,6.73,6.8,7.41,7.09,Upgrade
EBITDA Margin,42.71%,43.22%,41.92%,41.63%,40.62%,45.66%,46.11%,31.55%,17.63%,43.36%,43.51%,41.25%,38.85%,42.14%,44.08%,39.34%,43.67%,39.52%,36.43%,43.87%,43.82%,38.96%,45.62%,47.29%,39.83%,47.23%,43.28%,43.32%,40.53%,40.67%,36.33%,42.01%,42.10%,41.13%,41.73%,42.51%,40.27%,40.81%,42.74%,42.21%,Upgrade
Depreciation & Amortization,3.49,3.56,3.85,3.88,3.78,4.32,3.58,3.86,2.69,2.93,3.08,2.99,2.72,2.65,2.75,3.01,2.43,2.45,1.95,1.75,1.73,1.89,2.12,2.1,2.03,2.34,2.03,1.85,1.72,1.53,1.09,0.94,0.88,0.95,0.98,1.05,0.98,1.04,1.15,1.21,Upgrade
EBIT,24.91,23.7,23.36,22.96,21.27,22,24.43,15.58,4.78,18.05,15.29,13.23,13.17,15.52,15.49,14.62,17.63,13.15,10.97,13.14,11.25,9.12,11.13,12.13,9.34,10.66,8.12,7.55,7.45,7.24,5.64,6.51,6.34,6.24,6.27,6.46,5.75,5.76,6.26,5.89,Upgrade
EBIT Margin,37.47%,37.58%,35.99%,35.61%,34.50%,38.17%,40.21%,25.29%,11.27%,37.31%,36.21%,33.65%,32.20%,35.99%,37.43%,32.63%,38.38%,33.31%,30.93%,38.72%,37.98%,32.26%,38.33%,40.31%,32.73%,38.71%,34.64%,34.81%,32.93%,33.56%,30.46%,36.69%,36.99%,35.69%,36.12%,36.55%,34.39%,34.59%,36.10%,35.02%,Upgrade
