Metrics,2023-03-31,2022-12-31,2022-09-30,2022-06-30,2022-03-31,2021-12-31,2021-09-30,2021-06-30,2021-03-31,2020-12-31,2020-09-30,2020-06-30,2020-03-31,2019-12-31,2019-09-30,2019-06-30,2019-03-31,2018-12-31,2018-09-30,2018-06-30,2018-03-31,2017-12-31,2017-09-30,2017-06-30,2017-03-31,2016-12-31,2016-09-30,2016-06-30,2016-03-31,2015-12-31,2015-09-30,2015-06-30,2015-03-31,2014-12-31,2014-09-30,2014-06-30,2014-03-31,2013-12-31,2013-09-30,2013-06-30,+63 Quarters
Revenue,12.28,15.46,15.57,15.22,13.81,14.43,15.1,13.59,13.99,13.78,12.74,11.25,9.72,12.04,10.25,10.19,10.62,16.76,9.43,9.89,9.68,10.44,9.5,9.64,9.93,8.82,9.29,9.31,8.17,10.08,8.75,7.52,10.2,8.8,11.31,15.64,11.57,12.71,9.95,8.63,Upgrade
Revenue Growth (YoY),-11.10%,7.17%,3.13%,12.01%,-1.22%,4.75%,18.47%,20.76%,43.88%,14.43%,24.37%,10.46%,-8.43%,-28.17%,8.69%,3.02%,9.69%,60.59%,-0.74%,2.53%,-2.56%,18.27%,2.17%,3.55%,21.51%,-12.44%,6.19%,23.80%,-19.83%,14.52%,-22.60%,-51.90%,-11.91%,-30.78%,13.63%,81.13%,15.32%,122.26%,114.18%,-3.07%,Upgrade
Gross Profit,12.28,15.46,15.57,15.22,13.81,14.43,15.1,13.59,13.99,13.78,12.74,11.25,9.72,12.04,10.25,10.19,10.62,16.76,9.43,9.89,9.68,10.44,9.5,9.64,9.93,8.82,9.29,9.31,8.17,10.08,8.75,7.52,10.2,8.8,11.31,15.64,11.57,12.71,9.95,8.63,Upgrade
"Selling, General & Admin",7.7,7.72,7.11,6.73,7.05,6.78,6.3,6.01,5.89,5.74,6.16,5.34,5.97,5.62,6.1,5.74,6.07,5.91,5.64,5.39,5.64,6.08,4.95,5.21,5.45,5.74,4.99,5.28,5.33,6.21,4.9,5.12,5,5.22,5.03,5.07,5.37,5.39,5.12,5.18,Upgrade
Other Operating Expenses,1.22,1.95,1.92,1.5,1.49,2.4,1.21,1.21,1.28,1.7,1.68,1.09,1.23,2.19,1.23,1.38,1.36,2.04,1.54,1.58,1.59,1.73,1.45,1.73,1.48,1.43,1.56,1.74,1.47,2.38,1.52,1.56,1.79,3.62,2.75,3.9,2.62,5.27,2.95,2.73,Upgrade
Operating Expenses,8.92,9.67,9.03,8.23,8.54,9.17,7.5,7.23,7.17,7.44,7.84,6.42,7.21,7.81,7.33,7.12,7.43,7.94,7.19,6.97,7.23,7.8,6.4,6.94,6.93,7.16,6.55,7.03,6.8,8.59,6.42,6.68,6.78,8.83,7.78,8.97,7.99,10.67,8.06,7.91,Upgrade
Operating Income,3.36,5.8,6.54,6.99,5.27,5.26,7.6,6.36,6.81,6.33,4.9,4.83,2.52,4.23,2.92,3.06,3.19,8.82,2.24,2.92,2.45,2.63,3.1,2.7,3,1.66,2.74,2.29,1.37,1.49,2.34,0.84,3.41,-0.03,3.52,6.67,3.58,2.04,1.89,0.72,Upgrade
Pretax Income,3.36,5.8,6.54,6.99,5.27,5.26,7.6,6.36,6.81,6.33,4.9,4.83,2.52,4.23,2.92,3.06,3.19,8.82,2.24,2.92,2.45,2.63,3.1,2.7,3,1.66,2.74,2.29,1.37,1.49,2.34,0.84,3.41,-0.03,3.52,6.67,3.58,2.04,1.89,0.72,Upgrade
Income Tax,0.7,0.88,1.1,1.25,0.92,1.3,1.24,1.13,0.98,1.18,0.79,0.81,0.45,0.74,0.51,0.51,0.56,1.75,0.39,0.51,0.43,8.75,0.83,0.91,0.81,0.14,0.72,0.66,0.23,-27.72,0,0.02,-0.06,0,0.17,0.09,0.07,0,0,0,Upgrade
Net Income,2.66,4.92,5.44,5.74,4.35,3.96,6.35,5.23,5.83,5.16,4.11,4.02,2.06,3.49,2.4,2.55,2.64,7.07,1.85,2.41,2.02,-6.11,2.27,1.79,2.2,1.52,2.02,1.63,1.14,29.21,2.34,0.82,3.48,-0.03,3.36,6.58,3.51,2.04,1.89,0.72,Upgrade
Net Income Growth,-38.82%,24.28%,-14.42%,9.73%,-25.37%,-23.24%,54.64%,30.04%,182.74%,47.82%,70.91%,57.75%,-21.71%,-50.65%,29.89%,5.68%,30.51%,-,-18.57%,34.60%,-8.10%,-,12.64%,10.28%,92.21%,-94.78%,-13.69%,98.41%,-67.11%,-,-30.41%,-87.55%,-1.08%,-,77.95%,813.89%,102.95%,-,-,-,Upgrade
Shares Outstanding (Basic),20,20,20,20,20,20,20,20,20,20,20,20,20,20,20,20,19,17,17,17,17,17,17,17,17,17,17,17,17,17,17,17,16,16,16,16,16,16,16,16,Upgrade
Shares Outstanding (Diluted),20,20,20,20,20,20,20,20,20,20,20,20,20,20,20,20,19,17,17,17,17,17,17,17,17,17,17,17,17,17,17,17,16,16,16,16,16,16,16,16,Upgrade
Shares Change,-1.41%,-1.62%,-1.56%,-2.66%,-1.39%,-1.14%,-1.12%,0.20%,0.38%,0.32%,0.31%,0.29%,7.70%,19.82%,19.80%,19.71%,11.58%,0.40%,0.36%,0.49%,0.71%,0.92%,1.11%,1.11%,0.91%,0.70%,0.56%,0.32%,0.18%,0.18%,0.18%,0.18%,0.11%,0.09%,0.09%,0.09%,0.09%,0.12%,0.09%,0.09%,Upgrade
EPS (Basic),0.14,0.25,0.28,0.29,0.22,0.20,0.31,0.26,0.29,0.26,0.20,0.20,0.10,0.17,0.12,0.13,0.14,0.42,0.11,0.14,0.12,-0.36,0.14,0.11,0.13,0.09,0.12,0.10,0.07,1.77,0.14,0.05,0.21,-0.01,0.20,0.40,0.21,0.13,0.11,0.04,Upgrade
EPS (Diluted),0.14,0.24,0.28,0.29,0.22,0.20,0.31,0.26,0.29,0.26,0.20,0.20,0.10,0.17,0.12,0.13,0.14,0.42,0.11,0.14,0.12,-0.36,0.14,0.11,0.13,0.09,0.12,0.10,0.07,1.77,0.14,0.05,0.21,-0.01,0.20,0.40,0.21,0.13,0.11,0.04,Upgrade
EPS Growth,-36.36%,20.00%,-9.68%,11.54%,-24.14%,-23.08%,55.00%,30.00%,190.00%,52.94%,66.67%,53.85%,-28.57%,-59.52%,9.09%,-7.14%,16.67%,-,-21.43%,27.27%,-7.69%,-,16.67%,10.00%,85.71%,-94.92%,-14.29%,100.00%,-66.67%,-,-30.00%,-87.50%,0%,-,81.82%,900.00%,90.91%,-,-,-,Upgrade
Free Cash Flow Per Share,0.06,0.25,0.37,0.36,-0.01,0.45,0.20,0.20,0.29,0.19,0.17,0.33,0.20,0.22,0.12,0.15,0.02,0.68,0.22,0.01,0.12,0.25,0.11,0.20,0.08,0.15,0.14,0.21,-0.53,-0.09,0.13,0.17,-0.03,0.07,0.07,-0.01,0.46,0.20,0.72,0.06,Upgrade
Dividend Per Share,0.090,0.090,0.090,0.075,0.075,0.075,0.075,0.060,0.060,0.055,0.055,0.055,0.055,0.050,0.050,0.050,0.050,0.050,0.040,0.040,0.040,0.040,0.030,0.030,0.030,-,0.020,0.020,0.020,-,-,-,-,-,-,-,-,-,-,-,Upgrade
Dividend Growth,20.00%,20.00%,20.00%,25.00%,25.00%,36.36%,36.36%,9.09%,9.09%,10.00%,10.00%,10.00%,10.00%,0%,25.00%,25.00%,25.00%,25.00%,33.33%,33.33%,33.33%,-,50.00%,50.00%,50.00%,-,-,-,-,-,-,-,-,-,-,-,-,-,-,-,Upgrade
Gross Margin,100.00%,100.00%,100.00%,100.00%,100.00%,100.00%,100.00%,100.00%,100.00%,100.00%,100.00%,100.00%,100.00%,100.00%,100.00%,100.00%,100.00%,100.00%,100.00%,100.00%,100.00%,100.00%,100.00%,100.00%,100.00%,100.00%,100.00%,100.00%,100.00%,100.00%,100.00%,100.00%,100.00%,100.00%,100.00%,100.00%,100.00%,100.00%,100.00%,100.00%,Upgrade
Operating Margin,27.36%,37.49%,41.98%,45.90%,38.15%,36.44%,50.31%,46.81%,48.72%,45.97%,38.45%,42.90%,25.87%,35.16%,28.46%,30.07%,30.05%,52.61%,23.74%,29.54%,25.27%,25.21%,32.63%,28.02%,30.24%,18.81%,29.49%,24.55%,16.75%,14.79%,26.70%,11.18%,33.48%,-0.35%,31.17%,42.66%,30.96%,16.08%,18.96%,8.34%,Upgrade
Profit Margin,21.68%,31.81%,34.91%,37.71%,31.51%,27.43%,42.07%,38.49%,41.71%,37.43%,32.23%,35.74%,21.22%,28.97%,23.46%,25.03%,24.82%,42.18%,19.63%,24.40%,20.86%,-58.59%,23.93%,18.59%,22.12%,17.27%,21.70%,17.45%,13.99%,289.86%,26.70%,10.89%,34.09%,-0.35%,29.70%,42.09%,30.35%,16.08%,18.96%,8.34%,Upgrade
Free Cash Flow Margin,9.54%,31.58%,46.68%,46.95%,-1.41%,62.75%,26.61%,29.41%,41.47%,28.12%,27.30%,58.39%,40.79%,36.84%,22.58%,29.21%,3.82%,67.94%,38.60%,0.78%,21.02%,39.44%,18.62%,35.49%,13.78%,28.64%,24.88%,36.95%,-106.53%,-14.48%,25.02%,38.21%,-5.52%,13.13%,10.00%,-0.70%,65.87%,25.40%,119.73%,10.76%,Upgrade
Effective Tax Rate,20.74%,15.16%,16.85%,17.85%,17.40%,24.72%,16.38%,17.78%,14.40%,18.57%,16.17%,16.68%,17.97%,17.58%,17.59%,16.78%,17.40%,19.84%,17.34%,17.40%,17.42%,332.38%,26.69%,33.68%,26.84%,8.19%,26.41%,28.92%,16.51%,-1860.34%,-,2.62%,-1.82%,-,4.71%,1.35%,1.95%,-,-,-,Upgrade
EBITDA,3.71,6.2,6.92,7.37,5.66,5.66,7.99,6.75,7.2,6.29,5.53,5.12,3.26,4.93,3.67,3.8,3.99,9.66,3.02,3.59,3.12,3.16,3.77,3.34,3.68,2.29,3.37,2.97,2.02,2.03,2.72,1.27,3.77,0.37,3.87,7.01,3.97,2.39,2.19,1.01,Upgrade
EBITDA Margin,30.23%,40.09%,44.46%,48.46%,40.97%,39.20%,52.90%,49.68%,51.51%,45.68%,43.38%,45.53%,33.53%,40.91%,35.79%,37.35%,37.61%,57.64%,32.07%,36.28%,32.23%,30.31%,39.66%,34.62%,37.10%,25.97%,36.30%,31.94%,24.73%,20.10%,31.07%,16.85%,37.01%,4.22%,34.24%,44.83%,34.26%,18.76%,22.04%,11.69%,Upgrade
Depreciation & Amortization,0.35,0.4,0.39,0.39,0.39,0.4,0.39,0.39,0.39,-0.04,0.63,0.3,0.74,0.69,0.75,0.74,0.8,0.84,0.79,0.67,0.67,0.53,0.67,0.64,0.68,0.63,0.63,0.69,0.65,0.54,0.38,0.43,0.36,0.4,0.35,0.34,0.38,0.34,0.31,0.29,Upgrade
EBIT,3.36,5.8,6.54,6.99,5.27,5.26,7.6,6.36,6.81,6.33,4.9,4.83,2.52,4.23,2.92,3.06,3.19,8.82,2.24,2.92,2.45,2.63,3.1,2.7,3,1.66,2.74,2.29,1.37,1.49,2.34,0.84,3.41,-0.03,3.52,6.67,3.58,2.04,1.89,0.72,Upgrade
EBIT Margin,27.36%,37.49%,41.98%,45.90%,38.15%,36.44%,50.31%,46.81%,48.72%,45.97%,38.45%,42.90%,25.87%,35.16%,28.46%,30.07%,30.05%,52.61%,23.74%,29.54%,25.27%,25.21%,32.63%,28.02%,30.24%,18.81%,29.49%,24.55%,16.75%,14.79%,26.70%,11.18%,33.48%,-0.35%,31.17%,42.66%,30.96%,16.08%,18.96%,8.34%,Upgrade
