Metrics,2023-03-31,2022-12-31,2022-09-30,2022-06-30,2022-03-31,2021-12-31,2021-09-30,2021-06-30,2021-03-31,2020-12-31,2020-09-30,2020-06-30,2020-03-31,2019-12-31,2019-09-30,2019-06-30,2019-03-31,2018-12-31,2018-09-30,2018-06-30,2018-03-31,2017-12-31,2017-09-30,2017-06-30,2017-03-31,2016-12-31,2016-09-30,2016-06-30,2016-03-31,2015-12-31,2015-09-30,2015-06-30,2015-03-31,2014-12-31,2014-09-30,2014-06-30,2014-03-31,2013-12-31,2013-09-30,2013-06-30,+70 Quarters
Revenue,20.49,22.88,23.68,22.33,22.4,24.45,20.86,20.11,20.65,18.67,17.75,16.74,18.74,16.95,16.51,16.31,15.67,16.08,15.24,14.95,15.04,15.17,14.7,14.17,13.82,13.32,13.62,13.58,13.32,12.96,13.29,12.51,12.86,12.35,13.31,12.19,11.64,11.56,11.33,11.49,Upgrade
Revenue Growth (YoY),-8.52%,-6.40%,13.51%,11.03%,8.51%,30.92%,17.53%,20.11%,10.18%,10.15%,7.52%,2.68%,19.60%,5.41%,8.34%,9.06%,4.17%,6.02%,3.67%,5.53%,8.84%,13.85%,7.88%,4.31%,3.76%,2.82%,2.54%,8.55%,3.56%,4.93%,-0.18%,2.62%,10.45%,6.83%,17.52%,6.12%,6.32%,8.24%,5.24%,4.32%,Upgrade
Gross Profit,20.49,22.88,23.68,22.33,22.4,24.45,20.86,20.11,20.65,18.67,17.75,16.74,18.74,16.95,16.51,16.31,15.67,16.08,15.24,14.95,15.04,15.17,14.7,14.17,13.82,13.32,13.62,13.58,13.32,12.96,13.29,12.51,12.86,12.35,13.31,12.19,11.64,11.56,11.33,11.49,Upgrade
"Selling, General & Admin",10.5,11.36,11.06,9.93,10.42,12.61,9.71,9.29,9.66,9.91,9.08,8.72,10.86,8.99,9.03,8.49,8.18,8.21,7.87,7.83,8.29,8.04,7.74,7.37,7.45,7.36,7.19,7.03,6.98,7.71,7.48,6.75,7.01,7.55,7.48,6.96,6.91,6.76,6.64,7.05,Upgrade
Other Operating Expenses,0.35,0.35,0.32,0.24,0.24,0.24,0.23,0.21,0.22,0.51,0.2,0.2,0.18,0.01,0.01,0.24,0.22,0.29,0.35,0.35,0.29,0.26,0.27,0.27,0.25,0.17,0.22,0.22,0.23,0.23,0.23,0.23,0.26,0.32,0.33,0.34,0.35,0.36,0.36,0.38,Upgrade
Operating Expenses,10.85,11.71,11.37,10.17,10.65,12.85,9.93,9.5,9.87,10.42,9.28,8.92,11.04,9,9.04,8.73,8.4,8.5,8.22,8.18,8.58,8.3,8.01,7.64,7.7,7.53,7.41,7.25,7.2,7.94,7.71,6.98,7.27,7.88,7.8,7.29,7.25,7.12,7.01,7.42,Upgrade
Operating Income,9.64,11.17,12.31,12.16,11.75,11.6,10.93,10.61,10.77,8.26,8.47,7.83,7.7,7.95,7.47,7.58,7.27,7.59,7.02,6.77,6.46,6.87,6.68,6.53,6.12,5.79,6.22,6.34,6.12,5.01,5.58,5.53,5.6,4.47,5.51,4.9,4.39,4.44,4.32,4.07,Upgrade
Pretax Income,9.64,11.17,12.31,12.16,11.75,11.6,10.93,10.61,10.77,8.26,8.47,7.83,7.7,7.95,7.47,7.58,7.27,7.59,7.02,6.77,6.46,6.87,6.68,6.53,6.12,5.79,6.22,6.34,6.12,5.01,5.58,5.53,5.6,4.47,5.51,4.9,4.39,4.44,4.32,4.07,Upgrade
Income Tax,1.67,1.97,2.22,2.16,2.05,2.05,1.92,1.83,1.85,1.29,1.38,1.26,1.2,1.26,1.18,1.18,1.11,1.22,1.09,1.04,0.96,1.78,1.7,1.64,1.48,1.47,1.66,1.71,1.62,1.25,1.39,1.46,1.42,1.05,1.4,1.16,0.96,0.94,0.96,0.83,Upgrade
Net Income,7.97,9.2,10.09,10,9.71,9.55,9.01,8.79,8.92,6.97,7.1,6.57,6.5,6.69,6.29,6.4,6.16,6.36,5.93,5.73,5.51,5.09,4.98,4.88,4.64,4.32,4.56,4.62,4.5,3.77,4.19,4.07,4.18,3.43,4.11,3.75,3.43,3.5,3.37,3.24,Upgrade
Net Income Growth,-17.87%,-3.66%,11.95%,13.77%,8.78%,36.96%,27.05%,33.76%,37.37%,4.25%,12.83%,2.72%,5.51%,5.08%,5.98%,11.53%,11.81%,25.11%,19.09%,17.43%,18.74%,17.73%,9.21%,5.60%,2.98%,14.62%,8.93%,13.50%,7.86%,10.01%,1.95%,8.73%,21.79%,-2.17%,22.08%,15.58%,20.03%,8.45%,4.41%,-2.44%,Upgrade
Shares Outstanding (Basic),11,11,11,11,11,11,11,11,11,11,11,11,11,11,11,11,11,11,11,11,11,11,11,11,11,11,11,11,11,11,11,11,11,11,11,11,11,11,11,11,Upgrade
Shares Change,0.49%,0.42%,0.40%,0.37%,0.35%,0.44%,0.46%,0.55%,0.58%,0.44%,0.42%,0.35%,0.34%,0.36%,0.36%,0.35%,0.34%,0.30%,0.30%,0.30%,0.29%,0.33%,0.34%,0.38%,0.38%,0.38%,0.38%,0.35%,0.38%,0.27%,0.28%,0.29%,0.53%,0.49%,0.49%,0.47%,7.93%,8.28%,8.24%,8.30%,Upgrade
EPS (Basic),0.73,0.83,0.92,0.91,0.89,0.88,0.83,0.81,0.82,0.64,0.65,0.61,0.60,0.62,0.58,0.59,0.57,0.59,0.55,0.53,0.51,0.47,0.46,0.45,0.43,0.40,0.43,0.43,0.42,0.35,0.39,0.38,0.39,0.32,0.39,0.35,0.32,0.33,0.31,0.29,Upgrade
EPS (Diluted),0.72,0.83,0.91,0.91,0.88,0.87,0.82,0.80,0.81,0.64,0.65,0.60,0.60,0.61,0.58,0.59,0.57,0.59,0.55,0.53,0.51,0.47,0.46,0.45,0.43,0.39,0.42,0.43,0.42,0.35,0.39,0.38,0.39,0.32,0.38,0.35,0.32,0.33,0.31,0.29,Upgrade
EPS Growth,-18.18%,-4.60%,10.98%,13.75%,8.64%,35.94%,26.15%,33.33%,35.00%,4.92%,12.07%,1.69%,5.26%,3.39%,5.45%,11.32%,11.76%,25.53%,19.57%,17.78%,18.60%,20.51%,9.52%,4.65%,2.38%,11.43%,7.69%,13.16%,7.69%,9.38%,2.63%,8.57%,21.88%,-3.03%,22.58%,20.69%,18.52%,6.45%,0%,-9.38%,Upgrade
Free Cash Flow Per Share,0.41,0.77,1.19,1.00,0.65,1.01,1.16,1.21,1.44,0.61,0.81,0.21,0.23,1.01,0.67,0.51,0.05,0.78,0.54,0.67,0.99,0.29,0.74,0.56,0.28,0.58,0.55,0.34,0.30,0.54,0.57,0.47,0.26,0.69,0.40,0.49,0.28,0.65,0.58,0.45,Upgrade
Dividend Per Share,0.340,0.340,0.340,0.320,0.320,0.320,0.320,0.310,0.310,0.310,0.310,0.300,0.300,0.300,0.300,0.290,0.580,0.290,0.290,0.240,0.240,0.240,0.240,0.230,0.350,0.230,0.230,0.220,0.220,0.220,0.220,0.210,-,0.420,0.210,0.200,0.200,0.195,0.195,0.195,Upgrade
Dividend Growth,6.25%,6.25%,6.25%,3.23%,3.23%,3.23%,3.23%,3.33%,3.33%,3.33%,3.33%,3.45%,-48.28%,3.45%,3.45%,20.83%,141.67%,20.83%,20.83%,4.35%,-31.43%,4.35%,4.35%,4.55%,59.09%,4.55%,4.55%,4.76%,-,-47.62%,4.76%,5.00%,-,115.38%,7.69%,2.56%,2.56%,0%,0%,0%,Upgrade
Gross Margin,100.00%,100.00%,100.00%,100.00%,100.00%,100.00%,100.00%,100.00%,100.00%,100.00%,100.00%,100.00%,100.00%,100.00%,100.00%,100.00%,100.00%,100.00%,100.00%,100.00%,100.00%,100.00%,100.00%,100.00%,100.00%,100.00%,100.00%,100.00%,100.00%,100.00%,100.00%,100.00%,100.00%,100.00%,100.00%,100.00%,100.00%,100.00%,100.00%,100.00%,Upgrade
Operating Margin,47.06%,48.82%,51.98%,54.44%,52.46%,47.45%,52.39%,52.78%,52.17%,44.21%,47.74%,46.74%,41.07%,46.88%,45.24%,46.46%,46.40%,47.17%,46.08%,45.31%,42.96%,45.28%,45.48%,46.07%,44.29%,43.46%,45.64%,46.66%,45.94%,38.69%,41.99%,44.21%,43.51%,36.23%,41.38%,40.20%,37.71%,38.42%,38.14%,35.40%,Upgrade
Profit Margin,38.89%,40.19%,42.62%,44.77%,43.32%,39.05%,43.21%,43.70%,43.21%,37.33%,39.97%,39.24%,34.66%,39.44%,38.09%,39.22%,39.29%,39.57%,38.94%,38.35%,36.61%,33.53%,33.90%,34.47%,33.56%,32.43%,33.49%,34.05%,33.81%,29.09%,31.52%,32.56%,32.47%,27.74%,30.86%,30.73%,29.44%,30.29%,29.71%,28.22%,Upgrade
Free Cash Flow Margin,22.06%,37.33%,55.41%,49.52%,31.82%,45.51%,61.22%,65.93%,76.47%,35.53%,49.79%,13.68%,13.14%,64.98%,44.31%,34.23%,3.63%,52.88%,38.31%,48.56%,71.51%,20.62%,54.36%,42.78%,22.00%,46.93%,43.22%,27.37%,24.04%,44.78%,46.09%,40.54%,21.98%,59.80%,31.96%,42.83%,25.19%,59.69%,54.32%,41.53%,Upgrade
Effective Tax Rate,17.35%,17.66%,18.01%,17.76%,17.42%,17.70%,17.52%,17.21%,17.17%,15.57%,16.27%,16.05%,15.61%,15.87%,15.80%,15.58%,15.32%,16.11%,15.50%,15.35%,14.79%,25.95%,25.46%,25.19%,24.24%,25.39%,26.63%,27.03%,26.40%,24.83%,24.93%,26.36%,25.38%,23.42%,25.42%,23.56%,21.93%,21.14%,22.11%,20.29%,Upgrade
EBITDA,10.14,11.66,12.81,12.66,12.24,12.1,11.44,11.13,11.29,8.81,9.07,8.36,8.23,8.49,7.97,8.02,7.72,8.03,7.46,7.22,6.93,7.35,7.15,6.98,6.58,6.23,6.66,6.76,6.55,5.46,6,5.96,6.02,4.89,5.91,5.29,4.84,4.89,4.76,4.5,Upgrade
EBITDA Margin,49.47%,50.95%,54.09%,56.72%,54.64%,49.49%,54.82%,55.34%,54.68%,47.16%,51.12%,49.92%,43.94%,50.07%,48.27%,49.21%,49.27%,49.93%,48.95%,48.29%,46.05%,48.48%,48.68%,49.26%,47.60%,46.78%,48.90%,49.80%,49.18%,42.12%,45.19%,47.62%,46.81%,39.63%,44.43%,43.42%,41.54%,42.27%,42.06%,39.16%,Upgrade
Depreciation & Amortization,0.5,0.49,0.5,0.51,0.49,0.5,0.51,0.52,0.52,0.55,0.6,0.53,0.54,0.54,0.5,0.45,0.45,0.45,0.44,0.45,0.46,0.49,0.47,0.45,0.46,0.44,0.44,0.43,0.43,0.44,0.43,0.43,0.43,0.42,0.41,0.39,0.45,0.45,0.44,0.43,Upgrade
EBIT,9.64,11.17,12.31,12.16,11.75,11.6,10.93,10.61,10.77,8.26,8.47,7.83,7.7,7.95,7.47,7.58,7.27,7.59,7.02,6.77,6.46,6.87,6.68,6.53,6.12,5.79,6.22,6.34,6.12,5.01,5.58,5.53,5.6,4.47,5.51,4.9,4.39,4.44,4.32,4.07,Upgrade
EBIT Margin,47.06%,48.82%,51.98%,54.44%,52.46%,47.45%,52.39%,52.78%,52.17%,44.21%,47.74%,46.74%,41.07%,46.88%,45.24%,46.46%,46.40%,47.17%,46.08%,45.31%,42.96%,45.28%,45.48%,46.07%,44.29%,43.46%,45.64%,46.66%,45.94%,38.69%,41.99%,44.21%,43.51%,36.23%,41.38%,40.20%,37.71%,38.42%,38.14%,35.40%,Upgrade
