Metrics,2022-12-31,2022-09-30,2022-06-30,2022-03-31,2021-12-31,2021-09-30,2021-06-30,2021-03-31,2020-12-31,2020-09-30,2020-06-30,2020-03-31,2019-12-31,2019-09-30,2019-06-30,2019-03-31,2018-12-31,2018-09-30,2018-06-30,2018-03-31,2017-12-31,2017-09-30,2017-06-30,2017-03-31,2016-12-31,2016-09-30,2016-06-30,2016-03-31,2015-12-31,2015-09-30,2015-06-30,2015-03-31,2014-12-31,2014-09-30,2014-06-30,2014-03-31,2013-12-31,2013-09-30,2013-06-30,2013-03-31,+69 Quarters
Revenue,10.04,9.44,8.79,8.82,9.63,9.61,9.62,9.61,9.83,9.29,9.1,9.6,9.87,9.88,9.81,10.04,10.4,9.65,7.93,7.8,8.09,8,7.41,7.57,6.48,8.06,7.86,7.48,7.73,7.84,8.19,8.16,8.5,8.49,9.05,7.93,9.83,8.62,8.87,8.92,Upgrade
Revenue Growth (YoY),4.26%,-1.82%,-8.69%,-8.29%,-2.02%,3.43%,5.71%,0.11%,-0.39%,-5.91%,-7.20%,-4.33%,-5.08%,2.35%,23.66%,28.76%,28.47%,20.67%,7.03%,2.97%,24.81%,-0.77%,-5.72%,1.18%,-16.06%,2.79%,-4.05%,-8.34%,-9.10%,-7.67%,-9.46%,2.90%,-13.52%,-1.47%,2.02%,-11.07%,7.72%,-6.90%,-5.98%,17.26%,Upgrade
Gross Profit,10.04,9.44,8.79,8.82,9.63,9.61,9.62,9.61,9.83,9.29,9.1,9.6,9.87,9.88,9.81,10.04,10.4,9.65,7.93,7.8,8.09,8,7.41,7.57,6.48,8.06,7.86,7.48,7.73,7.84,8.19,8.16,8.5,8.49,9.05,7.93,9.83,8.62,8.87,8.92,Upgrade
"Selling, General & Admin",4.84,4.87,4.89,5.1,5.28,6.3,6.01,5.95,6.18,6.22,6.19,6.14,6.12,6.14,6.24,6.08,5.96,5.63,5.41,5.46,5.21,5.18,4.97,5.18,4.7,5.16,5.02,4.93,4.92,4.85,5,5.02,4.92,5.19,4.92,4.9,5.08,4.83,4.75,4.76,Upgrade
Other Operating Expenses,2.26,2.16,1.99,1.96,2.14,2.24,2.39,2.44,2.3,2.53,2.39,2.36,2.16,2.4,2.26,2.38,2.49,3.52,2.09,1.85,2.15,2.01,1.89,1.86,2.13,2.18,2.24,2.13,2.28,2.24,2.11,1.96,2.33,2.06,2.31,1.99,3.49,2.54,2.43,2.94,Upgrade
Operating Expenses,7.11,7.03,6.88,7.06,7.41,8.55,8.4,8.4,8.48,8.75,8.58,8.49,8.28,8.55,8.5,8.45,8.45,9.14,7.49,7.3,7.36,7.19,6.86,7.04,6.83,7.35,7.26,7.07,7.2,7.09,7.11,6.98,7.25,7.24,7.22,6.88,8.57,7.37,7.18,7.69,Upgrade
Operating Income,2.94,2.41,1.91,1.76,2.22,1.07,1.22,1.22,1.35,0.55,0.52,1.11,1.59,1.33,1.31,1.59,1.95,0.51,0.44,0.5,0.73,0.81,0.55,0.53,-0.34,0.71,0.61,0.42,0.52,0.75,1.09,1.19,1.25,1.25,1.83,1.05,1.26,1.25,1.69,1.23,Upgrade
Pretax Income,2.94,2.41,1.91,1.76,2.22,1.07,1.22,1.22,1.35,0.55,0.52,1.11,1.59,1.33,1.31,1.59,1.95,0.51,0.44,0.5,0.73,0.81,0.55,0.53,-0.34,0.71,0.61,0.42,0.52,0.75,1.09,1.19,1.25,1.25,1.83,1.05,1.26,1.25,1.69,1.23,Upgrade
Income Tax,0.71,0.55,0.49,0.4,0.51,0.23,0.27,0.27,0.31,0.14,0.12,0.26,0.38,0.21,0.3,0.35,0.47,0.27,0.08,0.08,2.6,0.17,0.13,0.13,-0.24,0.16,0.14,0.1,0.08,0.21,0.31,0.35,0.53,0.41,0.61,0.28,0.3,0.35,0.51,0.34,Upgrade
Net Income,2.23,1.86,1.42,1.36,1.71,0.84,0.95,0.95,1.05,0.41,0.4,0.85,1.21,1.12,1.01,1.23,1.48,0.24,0.36,0.41,-1.87,0.64,0.42,0.4,-0.11,0.55,0.46,0.32,0.44,0.54,0.77,0.84,0.72,0.84,1.22,0.77,0.96,0.9,1.18,0.89,Upgrade
Net Income Growth,30.22%,122.22%,48.48%,43.26%,63.73%,103.65%,135.89%,12.16%,-13.56%,-63.24%,-59.80%,-31.36%,-18.14%,365.83%,179.94%,198.07%,-,-62.20%,-13.70%,2.48%,-,15.45%,-9.96%,27.44%,-,1.10%,-40.31%,-62.08%,-38.75%,-35.01%,-36.45%,8.01%,-24.61%,-7.41%,3.05%,-12.64%,8.15%,-23.32%,-13.79%,-,Upgrade
Shares Outstanding (Basic),6,6,6,6,6,6,6,6,6,6,6,6,6,6,6,6,6,6,6,6,6,6,6,6,6,6,6,6,6,6,6,6,6,6,6,6,6,6,6,6,Upgrade
Shares Change,-6.53%,-6.08%,-2.14%,-0.91%,0.67%,0.66%,1.15%,1.15%,-0.73%,-2.05%,-2.54%,-2.54%,-1.18%,3.51%,3.55%,3.55%,3.61%,0.32%,0.53%,0.53%,0.56%,0.49%,0.20%,0.20%,-,-,-,-,0.15%,0.15%,0.23%,-,0.14%,0.17%,0.10%,0.02%,0.05%,0.10%,-0.22%,0.08%,Upgrade
EPS (Basic),0.37,0.31,0.23,0.22,0.27,0.13,0.15,0.15,0.16,0.07,0.07,0.13,0.19,0.17,0.16,0.19,0.23,0.04,0.06,0.07,-0.31,0.10,0.07,0.07,-0.02,0.09,0.08,0.05,0.07,0.09,0.13,0.14,0.12,0.14,0.20,0.13,0.16,0.15,0.20,0.15,Upgrade
EPS (Diluted),0.35,0.29,0.22,0.20,0.25,0.13,0.14,0.14,0.15,0.06,0.06,0.13,0.18,0.16,0.15,0.18,0.22,0.03,0.06,0.06,-0.29,0.10,0.06,0.06,-0.02,0.09,0.07,0.05,0.07,0.09,0.12,0.13,0.11,0.13,0.20,0.13,0.16,0.15,0.20,0.15,Upgrade
EPS Growth,40.00%,123.08%,57.14%,42.86%,66.67%,116.67%,133.33%,7.69%,-16.67%,-62.50%,-60.00%,-27.78%,-18.18%,433.33%,150.00%,200.00%,-,-70.00%,0%,0%,-,11.11%,-14.29%,20.00%,-,0%,-41.67%,-61.54%,-36.36%,-30.77%,-40.00%,0%,-31.25%,-13.33%,0%,-13.33%,14.29%,-25.00%,-13.04%,-,Upgrade
Free Cash Flow Per Share,0.42,0.68,0.68,0.12,0.41,0.29,0.47,0.28,0.28,0.24,0.19,0.13,0.22,0.65,0.36,0.06,-0.06,0.64,0.29,0.20,0.14,-0.04,-0.27,-0.43,-0.08,0.21,0.24,-0.32,0.13,0.10,0.19,0.20,0.09,0.15,0.50,0.39,-0.12,0.58,0.21,1.07,Upgrade
Dividend Per Share,0.050,0.030,0.030,0.030,0.030,0.030,0.030,0.030,0.030,0.030,0.030,0.030,0.030,0.020,0.020,0.020,0.020,0.020,0.020,0.020,0.020,0.020,0.020,0.020,0.020,0.020,0.020,0.020,0.020,0.020,0.020,0.020,0.020,0.010,-,-,-,-,-,-,Upgrade
Dividend Growth,66.67%,0%,0%,0%,0%,0%,0%,0%,0%,50.00%,50.00%,50.00%,50.00%,0%,0%,0%,0%,0%,0%,0%,0%,0%,0%,0%,0%,0%,0%,0%,0%,100.00%,-,-,-,-,-,-,-,-,-,-,Upgrade
Gross Margin,100.00%,100.00%,100.00%,100.00%,100.00%,100.00%,100.00%,100.00%,100.00%,100.00%,100.00%,100.00%,100.00%,100.00%,100.00%,100.00%,100.00%,100.00%,100.00%,100.00%,100.00%,100.00%,100.00%,100.00%,100.00%,100.00%,100.00%,100.00%,100.00%,100.00%,100.00%,100.00%,100.00%,100.00%,100.00%,100.00%,100.00%,100.00%,100.00%,100.00%,Upgrade
Operating Margin,29.24%,25.49%,21.73%,19.97%,23.03%,11.09%,12.72%,12.67%,13.77%,5.89%,5.73%,11.55%,16.11%,13.48%,13.30%,15.79%,18.73%,5.27%,5.55%,6.35%,9.07%,10.10%,7.39%,7.05%,-5.27%,8.83%,7.71%,5.57%,6.76%,9.58%,13.26%,14.54%,14.73%,14.72%,20.18%,13.23%,12.80%,14.55%,19.10%,13.79%,Upgrade
Profit Margin,22.19%,19.71%,16.10%,15.44%,17.76%,8.71%,9.90%,9.88%,10.63%,4.42%,4.44%,8.82%,12.25%,11.32%,10.25%,12.29%,14.21%,2.49%,4.53%,5.31%,-23.06%,7.94%,5.61%,5.34%,-1.62%,6.82%,5.88%,4.24%,5.71%,6.94%,9.45%,10.24%,8.47%,9.86%,13.46%,9.76%,9.72%,10.49%,13.33%,9.93%,Upgrade
Free Cash Flow Margin,24.27%,42.32%,46.75%,8.26%,26.52%,18.66%,30.03%,18.36%,17.60%,15.74%,12.96%,7.98%,14.02%,41.33%,23.18%,3.89%,-3.80%,40.18%,22.66%,15.84%,10.34%,-3.10%,-21.81%,-34.53%,-7.60%,15.57%,18.34%,-25.58%,10.10%,7.79%,14.20%,14.48%,6.52%,10.89%,33.25%,29.83%,-7.51%,40.89%,14.23%,72.79%,Upgrade
Effective Tax Rate,24.11%,22.69%,25.88%,22.71%,22.86%,21.48%,22.14%,22.00%,22.82%,24.86%,22.61%,23.62%,23.96%,16.07%,22.99%,22.15%,24.14%,52.85%,18.41%,16.36%,354.22%,21.41%,24.09%,24.34%,-,22.75%,23.76%,23.98%,15.52%,27.56%,28.73%,29.57%,42.49%,33.04%,33.30%,26.29%,24.09%,27.91%,30.22%,27.97%,Upgrade
EBITDA,3.4,2.9,2.37,2.22,2.68,1.57,1.75,1.75,1.89,1.08,1.04,1.62,2.1,1.86,1.83,2.11,2.45,0.93,0.79,0.85,1.09,1.09,0.81,0.78,-0.1,0.96,0.85,0.65,0.75,0.96,1.3,1.4,1.46,1.48,2.01,1.23,1.46,1.43,1.87,1.4,Upgrade
EBITDA Margin,33.90%,30.67%,27.02%,25.19%,27.86%,16.36%,18.18%,18.24%,19.22%,11.66%,11.41%,16.85%,21.31%,18.86%,18.65%,21.05%,23.58%,9.59%,10.00%,10.85%,13.42%,13.59%,10.90%,10.25%,-1.57%,11.90%,10.85%,8.67%,9.75%,12.28%,15.88%,17.15%,17.15%,17.48%,22.21%,15.50%,14.81%,16.64%,21.07%,15.64%,Upgrade
Depreciation & Amortization,0.47,0.49,0.47,0.46,0.47,0.51,0.53,0.54,0.54,0.54,0.52,0.51,0.51,0.53,0.52,0.53,0.51,0.42,0.35,0.35,0.35,0.28,0.26,0.24,0.24,0.25,0.25,0.23,0.23,0.21,0.22,0.21,0.21,0.23,0.18,0.18,0.2,0.18,0.18,0.17,Upgrade
EBIT,2.94,2.41,1.91,1.76,2.22,1.07,1.22,1.22,1.35,0.55,0.52,1.11,1.59,1.33,1.31,1.59,1.95,0.51,0.44,0.5,0.73,0.81,0.55,0.53,-0.34,0.71,0.61,0.42,0.52,0.75,1.09,1.19,1.25,1.25,1.83,1.05,1.26,1.25,1.69,1.23,Upgrade
EBIT Margin,29.24%,25.49%,21.73%,19.97%,23.03%,11.09%,12.72%,12.67%,13.77%,5.89%,5.73%,11.55%,16.11%,13.48%,13.30%,15.79%,18.73%,5.27%,5.55%,6.35%,9.07%,10.10%,7.39%,7.05%,-5.27%,8.83%,7.71%,5.57%,6.76%,9.58%,13.26%,14.54%,14.73%,14.72%,20.18%,13.23%,12.80%,14.55%,19.10%,13.79%,Upgrade
