Metrics,2023-03-31,2022-12-31,2022-09-30,2022-06-30,2022-03-31,2021-12-31,2021-09-30,2021-06-30,2021-03-31,2020-12-31,2020-09-30,2020-06-30,2020-03-31,2019-12-31,2019-09-30,2019-06-30,2019-03-31,2018-12-31,2018-09-30,2018-06-30,2018-03-31,2017-12-31,2017-09-30
Revenue,9.15,15.14,17.74,16.25,16.33,17.5,15.54,14.87,14.83,14.36,12.67,11.63,11.84,11.96,12.54,12.41,11.99,11.05,10.28,9.44,8.79,9.49,8.27
Revenue Growth (YoY),-43.98%,-13.50%,14.13%,9.25%,10.05%,21.90%,22.70%,27.85%,25.31%,20.06%,1.02%,-6.23%,-1.24%,8.21%,22.01%,31.44%,36.37%,16.51%,24.20%,-,-,-,-
Gross Profit,9.15,15.14,17.74,16.25,16.33,17.5,15.54,14.87,14.83,14.36,12.67,11.63,11.84,11.96,12.54,12.41,11.99,11.05,10.28,9.44,8.79,9.49,8.27
"Selling, General & Admin",7.17,6.86,7,6.85,7.04,6.84,6.68,6.59,6.51,5.9,6.24,5.75,5.83,6.16,6.18,6.03,5.67,5.59,4.81,4.59,4.44,4.12,4.13
Other Operating Expenses,1.84,2.34,1.6,1.37,1.4,2.41,2.74,1.64,1.38,1.98,1.51,2.25,1.38,1.18,1.18,1.25,1.24,3.83,1.14,1.24,0.82,0.86,0.71
Operating Expenses,9.01,9.2,8.6,8.22,8.44,9.24,9.43,8.23,7.88,7.89,7.75,8,7.21,7.33,7.36,7.28,6.9,9.42,5.95,5.82,5.26,4.98,4.84
Operating Income,0.14,5.94,9.14,8.03,7.88,8.26,6.11,6.64,6.95,6.47,4.92,3.63,4.63,4.63,5.17,5.13,5.08,1.64,4.33,3.62,3.53,4.51,3.43
Other Expense / Income,-,-,-,-,-,-0.24,-,-,-,-,-,-,-,-,-,-,-,-,-,-,-,-0.05,0.02
Pretax Income,0.14,5.94,9.14,8.03,7.88,8.5,6.11,6.64,6.95,6.47,4.92,3.63,4.63,4.63,5.17,5.13,5.08,1.64,4.33,3.62,3.53,4.57,3.41
Income Tax,-0.49,1.04,2.09,1.61,1.27,1.98,1.43,1.48,1.38,1.46,1.05,0.75,0.9,0.9,1.08,1.04,1.16,0.23,0.94,0.54,0.53,3.56,1.18
Net Income,0.62,4.9,7.04,6.43,6.61,6.52,4.68,5.17,5.57,5.01,3.87,2.88,3.73,3.72,4.09,4.09,3.93,1.41,3.39,3.08,3,1.01,2.24
Net Income Growth,-90.61%,-24.75%,50.43%,24.39%,18.75%,29.98%,20.86%,79.34%,49.18%,34.64%,-5.35%,-29.50%,-4.92%,164.11%,20.92%,32.76%,31.00%,40.16%,51.45%,-,-,-,-
Shares Outstanding (Basic),18,17,17,17,17,17,17,17,17,17,17,17,17,17,17,17,17,17,16,16,16,16,-
Shares Change,1.50%,2.23%,2.11%,2.43%,2.13%,1.55%,1.51%,1.38%,1.28%,-2.86%,-2.77%,-2.39%,-2.09%,1.38%,8.08%,7.46%,7.24%,6.72%,-,-,-,-,-
EPS (Basic),0.04,0.28,0.40,0.37,0.38,0.39,0.27,0.30,0.33,0.30,0.23,0.17,0.22,0.22,0.24,0.24,0.23,0.06,0.24,0.22,0.22,0.07,0.17
EPS (Diluted),0.03,0.26,0.38,0.34,0.36,0.35,0.26,0.29,0.30,0.29,0.22,0.17,0.21,0.20,0.22,0.22,0.22,0.06,0.22,0.21,0.20,0.06,0.15
EPS Growth,-91.67%,-25.57%,50.00%,19.44%,18.42%,22.22%,14.29%,71.43%,46.15%,44.00%,0%,-25.00%,-3.70%,257.14%,3.70%,7.69%,8.00%,0%,42.11%,-,-,-,-
Free Cash Flow Per Share,0.14,0.48,0.42,0.16,0.20,1.67,-0.95,0.06,0.34,0.11,0.25,0.12,0.38,0.24,0.35,0.25,0.26,0.24,0.26,0.08,0.19,0.17,-
Gross Margin,100.00%,100.00%,100.00%,100.00%,100.00%,100.00%,100.00%,100.00%,100.00%,100.00%,100.00%,100.00%,100.00%,100.00%,100.00%,100.00%,100.00%,100.00%,100.00%,100.00%,100.00%,100.00%,100.00%
Operating Margin,1.48%,39.22%,51.52%,49.43%,48.29%,47.21%,39.34%,44.67%,46.87%,45.09%,38.84%,31.24%,39.10%,38.68%,41.27%,41.35%,42.40%,14.79%,42.11%,38.31%,40.16%,47.55%,41.45%
Profit Margin,6.79%,32.39%,39.71%,39.55%,40.51%,37.23%,30.13%,34.73%,37.54%,34.92%,30.59%,24.76%,31.53%,31.14%,32.65%,32.93%,32.75%,12.76%,32.94%,32.60%,34.10%,10.60%,27.02%
Free Cash Flow Margin,27.32%,55.88%,41.62%,17.53%,21.65%,162.80%,-105.12%,6.56%,39.26%,13.36%,33.77%,16.91%,53.64%,35.38%,48.48%,34.86%,37.39%,36.90%,39.86%,14.03%,35.26%,28.38%,-
Effective Tax Rate,-360.00%,17.43%,22.92%,20.00%,16.11%,23.32%,23.42%,22.25%,19.89%,22.55%,21.24%,20.75%,19.36%,19.50%,20.89%,20.35%,22.76%,13.76%,21.77%,14.91%,15.10%,77.96%,34.50%
EBITDA,0.3,6.01,9.34,8.27,8.06,8.7,6.32,6.87,7.19,6.71,5.15,3.88,4.88,4.88,5.43,5.38,5.35,1.89,4.45,3.74,3.64,4.7,-
EBITDA Margin,3.23%,39.69%,52.64%,50.88%,49.40%,49.70%,40.66%,46.17%,48.44%,46.74%,40.68%,33.31%,41.21%,40.82%,43.29%,43.40%,44.61%,17.14%,43.30%,39.61%,41.43%,49.52%,-
Depreciation & Amortization,0.16,0.07,0.2,0.24,0.18,0.2,0.2,0.22,0.23,0.24,0.23,0.24,0.25,0.26,0.25,0.26,0.26,0.26,0.12,0.12,0.11,0.13,-
EBIT,0.14,5.94,9.14,8.03,7.88,8.5,6.11,6.64,6.95,6.47,4.92,3.63,4.63,4.63,5.17,5.13,5.08,1.64,4.33,3.62,3.53,4.57,3.41
EBIT Margin,1.48%,39.22%,51.52%,49.43%,48.29%,48.55%,39.34%,44.67%,46.87%,45.09%,38.84%,31.24%,39.10%,38.68%,41.27%,41.35%,42.40%,14.79%,42.11%,38.31%,40.16%,48.12%,41.24%
