Metrics,2023-03-31,2022-12-31,2022-09-30,2022-06-30,2022-03-31,2021-12-31,2021-09-30,2021-06-30,2021-03-31,2020-12-31,2020-09-30,2020-06-30,2020-03-31,2019-12-31,2019-09-30,2019-06-30,2019-03-31,2018-12-31,2018-09-30,2018-06-30,2018-03-31,2017-12-31,2017-09-30,2017-06-30,2017-03-31,2016-12-31,2016-09-30,2016-06-30,2016-03-31,2015-12-31,2015-09-30,2015-06-30,2015-03-31,2014-12-31,2014-09-30,2014-06-30,2014-03-31,2013-12-31,2013-09-30,2013-06-30,+70 Quarters
Revenue,62.88,65.55,65.45,64.48,57.9,53.7,58.84,58.78,55.47,54.83,47.17,44.98,45.19,49.09,47.83,43.9,44.57,42.72,37.01,35.13,34.75,32.4,32.94,32.26,32.41,33.25,32.94,32.38,27.15,25.86,27.12,24.58,25.44,25.15,25.23,23.62,24.13,23.94,23.04,23.02,Upgrade
Revenue Growth (YoY),8.60%,22.07%,11.22%,9.69%,4.38%,-2.07%,24.75%,30.68%,22.75%,11.69%,-1.39%,2.46%,1.38%,14.93%,29.24%,24.96%,28.26%,31.85%,12.35%,8.90%,7.22%,-2.55%,-0.01%,-0.36%,19.38%,28.55%,21.49%,31.73%,6.72%,2.84%,7.48%,4.04%,5.45%,5.05%,9.52%,2.61%,10.75%,9.20%,5.13%,9.16%,Upgrade
Gross Profit,62.88,65.55,65.45,64.48,57.9,53.7,58.84,58.78,55.47,54.83,47.17,44.98,45.19,49.09,47.83,43.9,44.57,42.72,37.01,35.13,34.75,32.4,32.94,32.26,32.41,33.25,32.94,32.38,27.15,25.86,27.12,24.58,25.44,25.15,25.23,23.62,24.13,23.94,23.04,23.02,Upgrade
"Selling, General & Admin",28.4,26.78,25.84,26.76,30.4,23.11,22.98,22.42,24.1,22.91,22.35,21.33,23.14,22.96,23.71,19.44,20.46,21.65,16.52,16.76,16.11,15.99,15.81,15.23,15.21,15.43,14.26,13.81,15.35,11.76,13.74,11.07,11.62,11.1,10.83,10.68,11.42,11.09,10.53,10.23,Upgrade
Other Operating Expenses,9.22,8.83,8.88,8.95,17.76,8.16,9.46,6.61,7.16,6.38,7.07,6.76,7.19,6.87,8.25,6.18,6.3,8.16,5.06,4.94,4.35,4.01,3.96,3.77,3.83,3.93,4.39,4.53,4.89,3.46,3.22,3.25,3.22,3.3,3.25,3.46,3.67,3.51,3.06,3.03,Upgrade
Operating Expenses,37.62,35.61,34.72,35.7,48.16,31.27,32.44,29.04,31.26,29.29,29.42,28.09,30.33,29.82,31.96,25.62,26.76,29.81,21.58,21.71,20.46,20,19.77,19,19.04,19.36,18.65,18.34,20.24,15.21,16.97,14.32,14.83,14.4,14.08,14.14,15.09,14.6,13.58,13.26,Upgrade
Operating Income,25.26,29.94,30.73,28.78,9.74,22.43,26.4,29.75,24.21,25.54,17.75,16.89,14.86,19.27,15.87,18.28,17.82,12.9,15.44,13.42,14.3,12.4,13.17,13.26,13.38,13.89,14.29,14.04,6.91,10.65,10.15,10.26,10.61,10.75,11.15,9.48,9.04,9.34,9.45,9.76,Upgrade
Pretax Income,25.26,29.94,30.73,28.78,9.74,22.43,26.4,29.75,24.21,25.54,17.75,16.89,14.86,19.27,15.87,18.28,17.82,12.9,15.44,13.42,14.3,12.4,13.17,13.26,13.38,13.89,14.29,14.04,6.91,10.65,10.15,10.26,10.61,10.75,11.15,9.48,9.04,9.34,9.45,9.76,Upgrade
Income Tax,4.45,5.52,6.13,5.03,0.67,3.16,4.91,5.92,4.65,4.65,3.15,2.64,2.39,3.45,2.81,3.01,2.75,1.92,2.8,2.33,2.48,0.78,3.51,3.43,3.82,3.83,4.11,4.25,1.77,2.94,2.43,2.94,3.3,3.1,3.44,2.8,2.73,2.75,2.97,3.23,Upgrade
Net Income,20.81,24.42,24.6,23.75,9.07,19.27,21.49,23.82,19.56,20.89,14.59,14.26,12.47,15.82,13.06,15.27,15.07,10.98,12.64,11.1,11.81,11.62,9.66,9.84,9.56,10.07,10.19,9.79,5.15,7.71,7.72,7.33,7.31,7.64,7.71,6.69,6.31,6.59,6.48,6.53,Upgrade
Net Income Growth,129.48%,26.69%,14.47%,-0.31%,-53.64%,-7.75%,47.23%,67.11%,56.81%,32.05%,11.70%,-6.65%,-17.22%,44.08%,3.36%,37.61%,27.55%,-5.52%,30.84%,12.79%,23.62%,15.46%,-5.15%,0.52%,85.70%,30.51%,31.91%,33.62%,-29.56%,0.89%,0.17%,9.54%,15.88%,16.01%,18.90%,2.37%,8.54%,6.38%,3.04%,9.47%,Upgrade
Shares Outstanding (Basic),29,29,29,29,29,27,27,27,27,26,26,27,27,27,27,25,25,25,23,23,23,23,23,23,23,23,23,23,23,20,20,20,20,20,20,20,20,20,19,19,Upgrade
Shares Change,0.24%,11.07%,11.07%,11.07%,11.02%,0.20%,0.18%,0.17%,-0.63%,-0.64%,-0.61%,6.04%,6.82%,6.82%,16.08%,8.82%,8.87%,8.85%,0.17%,0.17%,0.18%,0.19%,0.19%,0.21%,0.26%,14.93%,15.07%,15.09%,15.17%,0.49%,0.37%,0.33%,0.32%,0.31%,4.29%,4.30%,4.25%,4.27%,0.30%,0.31%,Upgrade
EPS (Basic),0.71,0.83,0.83,0.81,0.31,0.72,0.81,0.90,0.74,0.78,0.55,0.54,0.47,0.59,0.49,0.61,0.60,0.45,0.55,0.48,0.51,0.50,0.42,0.43,0.42,0.44,0.45,0.43,0.25,0.39,0.39,0.37,0.37,0.39,0.39,0.34,0.32,0.33,0.34,0.35,Upgrade
EPS (Diluted),0.71,0.83,0.83,0.81,0.31,0.72,0.81,0.90,0.74,0.78,0.55,0.54,0.47,0.59,0.49,0.61,0.60,0.45,0.55,0.48,0.51,0.50,0.42,0.43,0.42,0.44,0.45,0.43,0.25,0.39,0.39,0.37,0.37,0.38,0.39,0.34,0.32,0.33,0.34,0.35,Upgrade
EPS Growth,129.03%,15.28%,2.47%,-10.00%,-58.11%,-7.69%,47.27%,66.67%,57.45%,32.20%,12.24%,-11.48%,-21.67%,31.11%,-10.91%,27.08%,17.65%,-10.00%,30.95%,11.63%,21.43%,13.64%,-6.67%,0%,68.00%,12.82%,16.28%,17.17%,-31.88%,2.63%,0%,7.94%,14.69%,16.21%,13.82%,-2.02%,4.23%,0%,2.10%,10.86%,Upgrade
Free Cash Flow Per Share,1.00,0.88,1.05,0.10,1.44,0.96,1.04,0.67,1.04,1.42,0.45,0.64,0.86,0.62,1.15,-0.16,0.58,0.71,0.43,0.48,0.39,0.31,0.49,0.22,0.88,0.29,0.13,0.71,0.47,0.07,0.65,0.28,0.49,0.59,0.52,0.14,0.44,0.35,0.95,0.68,Upgrade
Dividend Per Share,0.250,0.230,0.230,0.230,0.230,0.210,0.210,0.210,0.210,0.190,0.190,0.190,0.190,0.170,0.170,0.170,0.170,0.150,0.150,0.150,0.150,0.130,0.130,0.130,0.127,0.120,0.120,0.120,0.120,0.113,0.113,0.113,0.113,0.107,0.107,0.107,0.107,0.100,0.100,0.100,Upgrade
Dividend Growth,8.70%,9.52%,9.52%,9.52%,9.52%,10.53%,10.53%,10.53%,10.53%,11.76%,11.76%,11.76%,11.76%,13.33%,13.33%,13.33%,13.33%,15.38%,15.38%,15.38%,18.11%,8.33%,8.33%,8.33%,5.83%,6.19%,6.19%,6.19%,6.19%,5.61%,5.61%,5.61%,5.61%,7.00%,7.00%,7.00%,7.00%,7.53%,7.53%,7.53%,Upgrade
Gross Margin,100.00%,100.00%,100.00%,100.00%,100.00%,100.00%,100.00%,100.00%,100.00%,100.00%,100.00%,100.00%,100.00%,100.00%,100.00%,100.00%,100.00%,100.00%,100.00%,100.00%,100.00%,100.00%,100.00%,100.00%,100.00%,100.00%,100.00%,100.00%,100.00%,100.00%,100.00%,100.00%,100.00%,100.00%,100.00%,100.00%,100.00%,100.00%,100.00%,100.00%,Upgrade
Operating Margin,40.17%,45.67%,46.95%,44.63%,16.82%,41.77%,44.86%,50.60%,43.65%,46.59%,37.63%,37.56%,32.88%,39.25%,33.18%,41.64%,39.97%,30.20%,41.70%,38.21%,41.14%,38.27%,39.98%,41.12%,41.27%,41.78%,43.38%,43.36%,25.45%,41.18%,37.43%,41.75%,41.70%,42.73%,44.18%,40.15%,37.46%,39.02%,41.03%,42.40%,Upgrade
Profit Margin,33.09%,37.25%,37.58%,36.83%,15.66%,35.89%,36.51%,40.53%,35.26%,38.10%,30.94%,31.69%,27.60%,32.22%,27.31%,34.79%,33.80%,25.70%,34.15%,31.59%,33.99%,35.87%,29.32%,30.50%,29.48%,30.27%,30.92%,30.23%,18.95%,29.82%,28.47%,29.80%,28.72%,30.40%,30.55%,28.31%,26.13%,27.52%,28.14%,28.37%,Upgrade
Free Cash Flow Margin,47.00%,39.63%,47.51%,4.50%,72.91%,47.24%,46.75%,30.24%,49.52%,68.66%,25.17%,37.56%,50.59%,33.46%,64.31%,-9.13%,32.39%,41.61%,26.77%,31.17%,25.75%,22.08%,34.46%,15.44%,62.35%,20.26%,8.93%,50.23%,39.56%,5.36%,47.96%,22.72%,38.03%,46.20%,40.96%,11.69%,36.17%,29.28%,78.61%,56.29%,Upgrade
Effective Tax Rate,17.63%,18.44%,19.96%,17.48%,6.87%,14.08%,18.61%,19.91%,19.22%,18.22%,17.77%,15.62%,16.06%,17.90%,17.70%,16.47%,15.43%,14.90%,18.11%,17.33%,17.37%,6.27%,26.66%,25.82%,28.56%,27.54%,28.73%,30.27%,25.54%,27.59%,23.93%,28.62%,31.13%,28.87%,30.85%,29.49%,30.23%,29.46%,31.41%,33.08%,Upgrade
EBITDA,27.69,32.31,33.22,31.37,12.39,24.48,28.54,32,26.54,27.93,20.08,19.26,17.2,21.54,18.16,20.35,19.83,14.86,17.06,14.83,15.5,13.59,14.35,14.45,14.5,14.84,15.43,15.22,7.96,11.66,11.2,11.35,11.73,11.95,12.34,10.69,10.25,10.49,10.54,10.89,Upgrade
EBITDA Margin,44.04%,49.29%,50.76%,48.66%,21.40%,45.58%,48.50%,54.44%,47.84%,50.94%,42.58%,42.82%,38.06%,43.87%,37.97%,46.34%,44.48%,34.79%,46.09%,42.20%,44.59%,41.94%,43.56%,44.80%,44.75%,44.64%,46.84%,47.00%,29.31%,45.09%,41.29%,46.17%,46.10%,47.50%,48.89%,45.25%,42.50%,43.84%,45.74%,47.29%,Upgrade
Depreciation & Amortization,2.43,2.37,2.49,2.6,2.65,2.05,2.14,2.25,2.33,2.39,2.34,2.37,2.34,2.27,2.29,2.06,2.01,1.96,1.63,1.4,1.2,1.19,1.18,1.19,1.13,0.95,1.14,1.18,1.05,1.01,1.05,1.09,1.12,1.2,1.19,1.21,1.22,1.15,1.08,1.13,Upgrade
EBIT,25.26,29.94,30.73,28.78,9.74,22.43,26.4,29.75,24.21,25.54,17.75,16.89,14.86,19.27,15.87,18.28,17.82,12.9,15.44,13.42,14.3,12.4,13.17,13.26,13.38,13.89,14.29,14.04,6.91,10.65,10.15,10.26,10.61,10.75,11.15,9.48,9.04,9.34,9.45,9.76,Upgrade
EBIT Margin,40.17%,45.67%,46.95%,44.63%,16.82%,41.77%,44.86%,50.60%,43.65%,46.59%,37.63%,37.56%,32.88%,39.25%,33.18%,41.64%,39.97%,30.20%,41.70%,38.21%,41.14%,38.27%,39.98%,41.12%,41.27%,41.78%,43.38%,43.36%,25.45%,41.18%,37.43%,41.75%,41.70%,42.73%,44.18%,40.15%,37.46%,39.02%,41.03%,42.40%,Upgrade
