Metrics,2023-03-31,2022-12-31,2022-09-30,2022-06-30,2022-03-31,2021-12-31,2021-09-30,2021-06-30,2021-03-31,2020-12-31,2020-09-30,2020-06-30,2020-03-31,2019-12-31,2019-09-30,2019-06-30,2019-03-31,2018-12-31,2018-09-30,2018-06-30,2018-03-31,2017-12-31,2017-09-30,2017-06-30,2017-03-31,2016-12-31,2016-09-30,2016-06-30,2016-03-31,2015-12-31,2015-09-30,2015-06-30,2015-03-31,2014-12-31,2014-09-30,2014-06-30,2014-03-31,2013-12-31,2013-09-30,2013-06-30,+69 Quarters
Revenue,208.62,226.42,227.39,223.25,212.09,194.03,196.7,196.64,196.89,212,199.88,172.51,148.46,164.87,174.5,151.13,143.63,143.12,142.97,135.66,120.58,114.65,116.67,110.9,104.35,107.42,106.29,105.4,100.39,100.05,98.03,96.77,92.03,92.6,93.33,89.7,85.71,88.21,84.31,77.11,Upgrade
Revenue Growth (YoY),-1.64%,16.69%,15.60%,13.53%,7.72%,-8.48%,-1.59%,13.99%,32.62%,28.59%,14.55%,14.15%,3.36%,15.19%,22.05%,11.40%,19.11%,24.83%,22.54%,22.33%,15.55%,6.73%,9.76%,5.22%,3.95%,7.36%,8.43%,8.92%,9.08%,8.05%,5.03%,7.88%,7.37%,4.97%,10.70%,16.33%,20.14%,18.21%,13.35%,11.73%,Upgrade
Gross Profit,208.62,226.42,227.39,223.25,212.09,194.03,196.7,196.64,196.89,212,199.88,172.51,148.46,164.87,174.5,151.13,143.63,143.12,142.97,135.66,120.58,114.65,116.67,110.9,104.35,107.42,106.29,105.4,100.39,100.05,98.03,96.77,92.03,92.6,93.33,89.7,85.71,88.21,84.31,77.11,Upgrade
"Selling, General & Admin",105.49,102.19,102.89,101.89,100.75,99.87,84.15,81.88,79.56,88.28,82.61,74.52,76.65,72.41,78.43,66.98,67.45,64.65,64.03,63.46,59.13,53.38,53.68,51.64,50.99,51.05,50.62,50.03,49.12,47.48,45.14,44.37,42.78,41.86,40.72,39.7,38.31,40.32,35.79,32.44,Upgrade
Other Operating Expenses,29.5,26.79,27.17,27.63,29.56,34.18,19.96,18.2,17.03,22.91,20.76,20.25,18.84,22.84,32.25,19.19,15.39,17.22,18.8,18.34,14.5,14.98,14.87,13.67,12.36,15.67,14.56,14.44,13.24,14.73,13.97,15.57,12.72,13.84,13.52,12.97,11.76,12.71,14.58,16.04,Upgrade
Operating Expenses,134.98,128.98,130.06,129.52,130.31,134.05,104.11,100.08,96.59,111.19,103.37,94.76,95.49,95.25,110.68,86.17,82.83,81.88,82.83,81.8,73.63,68.37,68.55,65.31,63.34,66.72,65.18,64.46,62.36,62.2,59.11,59.95,55.5,55.7,54.24,52.67,50.07,53.03,50.37,48.48,Upgrade
Operating Income,73.64,97.44,97.33,93.73,81.78,59.98,92.6,96.56,100.3,100.81,96.51,77.75,52.97,69.61,63.82,64.96,60.8,61.25,60.14,53.87,46.96,46.28,48.12,45.59,41.01,40.7,41.11,40.94,38.03,37.85,38.92,36.82,36.54,36.9,39.09,37.03,35.64,35.18,33.94,28.63,Upgrade
Pretax Income,73.64,97.44,97.33,93.73,81.78,59.98,92.6,96.56,100.3,100.81,96.51,77.75,52.97,69.61,63.82,64.96,60.8,61.25,60.14,53.87,46.96,46.28,48.12,45.59,41.01,40.7,41.11,40.94,38.03,37.85,38.92,36.82,36.54,36.9,39.09,37.03,35.64,35.18,33.94,28.63,Upgrade
Income Tax,12.42,17.76,17.99,17.34,13.98,9.27,16.98,18.94,19.5,18.95,18.75,14.31,9.63,12.2,12.21,12.57,11.67,11.65,10.8,9.49,8.4,31.33,11.64,11.91,9.75,9.66,10.16,10.49,9.35,8.34,9.31,7.49,8.87,8.85,9.8,8.35,8.91,8.63,8.32,5.93,Upgrade
Net Income,61.21,79.68,79.34,76.39,67.8,50.71,75.62,77.63,80.8,81.86,77.76,63.44,43.34,57.41,51.61,52.39,49.13,49.6,49.34,44.38,38.56,14.96,36.48,33.69,31.26,31.04,30.96,30.45,28.68,29.51,29.61,29.34,27.67,28.05,29.29,28.68,26.73,26.55,25.63,22.7,Upgrade
Net Income Growth,-9.71%,57.13%,4.92%,-1.59%,-16.10%,-38.05%,-2.75%,22.36%,86.44%,42.59%,50.66%,21.09%,-11.79%,15.75%,4.61%,18.04%,27.42%,231.63%,35.24%,31.75%,23.37%,-51.82%,17.84%,10.63%,8.97%,5.20%,4.54%,3.80%,3.66%,5.18%,1.09%,2.29%,3.52%,5.68%,14.30%,26.32%,28.71%,27.88%,31.80%,19.60%,Upgrade
Shares Outstanding (Basic),111,111,111,111,111,111,96,96,95,95,95,95,93,92,90,86,85,85,85,85,81,78,78,78,77,77,76,76,76,76,76,76,75,75,75,74,74,74,74,72,Upgrade
Shares Outstanding (Diluted),111,111,111,111,111,111,96,96,96,95,95,95,93,92,90,86,85,85,85,85,81,78,78,78,77,77,76,76,76,76,76,76,75,75,75,74,74,74,74,73,Upgrade
Shares Change,0.07%,0.00%,15.95%,15.92%,15.96%,16.11%,0.15%,0.16%,2.34%,3.46%,5.52%,11.15%,10.34%,9.07%,6.92%,1.54%,4.61%,8.35%,8.36%,8.98%,5.55%,1.93%,2.25%,1.82%,0.60%,0.86%,1.01%,0.85%,1.23%,1.18%,1.22%,1.43%,1.03%,0.88%,0.88%,2.69%,3.43%,3.47%,2.85%,0.86%,Upgrade
EPS (Basic),0.55,0.72,0.72,0.69,0.61,0.42,0.79,0.81,0.85,0.86,0.81,0.67,0.46,0.63,0.57,0.61,0.58,0.59,0.58,0.53,0.48,0.19,0.47,0.43,0.41,0.41,0.40,0.40,0.38,0.39,0.39,0.39,0.37,0.37,0.40,0.38,0.36,0.36,0.35,0.31,Upgrade
EPS (Diluted),0.55,0.72,0.72,0.69,0.61,0.41,0.79,0.81,0.85,0.86,0.81,0.66,0.46,0.62,0.57,0.61,0.58,0.58,0.58,0.52,0.48,0.19,0.47,0.43,0.41,0.41,0.40,0.40,0.38,0.39,0.39,0.39,0.37,0.37,0.40,0.38,0.36,0.36,0.35,0.31,Upgrade
EPS Growth,-9.84%,75.61%,-8.86%,-14.81%,-28.24%,-52.33%,-2.47%,22.73%,84.78%,38.71%,42.11%,8.20%,-20.69%,6.90%,-1.72%,17.31%,20.83%,205.26%,23.40%,20.93%,17.07%,-53.66%,17.50%,7.50%,7.89%,5.13%,2.56%,2.56%,2.70%,5.41%,-2.50%,2.63%,2.78%,2.78%,14.29%,22.58%,24.14%,24.14%,29.63%,19.23%,Upgrade
Free Cash Flow Per Share,0.81,1.02,1.17,1.17,0.67,1.35,1.27,1.52,1.53,0.76,-0.28,1.13,0.27,1.19,0.29,0.36,0.50,1.28,0.78,0.54,0.52,0.95,0.50,0.52,1.19,0.82,0.88,0.02,0.70,0.46,0.72,0.47,0.46,0.76,0.55,0.24,0.70,0.80,1.39,0.50,Upgrade
Dividend Per Share,-,0.660,0.330,0.330,0.100,0.640,0.320,0.310,0.150,0.600,0.290,0.290,0.200,0.580,0.270,0.260,0.300,0.520,0.260,0.230,-,0.210,0.720,0.210,0.300,0.400,0.200,0.200,0.300,0.380,0.190,0.180,0.300,0.350,0.170,0.160,-,0.310,0.150,0.140,Upgrade
Dividend Growth,-,3.13%,3.13%,6.45%,-33.33%,6.67%,10.34%,6.90%,-25.00%,3.45%,7.41%,11.54%,-33.33%,11.54%,3.85%,13.04%,-,147.62%,-63.89%,9.52%,-,-47.50%,260.00%,5.00%,0%,5.26%,5.26%,11.11%,0%,8.57%,11.76%,12.50%,-,12.90%,13.33%,14.29%,-,14.81%,15.38%,7.69%,Upgrade
Gross Margin,100.00%,100.00%,100.00%,100.00%,100.00%,100.00%,100.00%,100.00%,100.00%,100.00%,100.00%,100.00%,100.00%,100.00%,100.00%,100.00%,100.00%,100.00%,100.00%,100.00%,100.00%,100.00%,100.00%,100.00%,100.00%,100.00%,100.00%,100.00%,100.00%,100.00%,100.00%,100.00%,100.00%,100.00%,100.00%,100.00%,100.00%,100.00%,100.00%,100.00%,Upgrade
Operating Margin,35.30%,43.04%,42.80%,41.98%,38.56%,30.91%,47.07%,49.10%,50.94%,47.55%,48.28%,45.07%,35.68%,42.22%,36.57%,42.98%,42.33%,42.79%,42.06%,39.71%,38.94%,40.37%,41.24%,41.11%,39.30%,37.89%,38.68%,38.84%,37.89%,37.83%,39.70%,38.05%,39.70%,39.85%,41.89%,41.28%,41.58%,39.88%,40.26%,37.13%,Upgrade
Profit Margin,29.34%,35.19%,34.89%,34.22%,31.97%,26.13%,38.44%,39.48%,41.04%,38.61%,38.90%,36.78%,29.19%,34.82%,29.58%,34.67%,34.21%,34.66%,34.51%,32.72%,31.98%,13.05%,31.27%,30.38%,29.95%,28.90%,29.12%,28.89%,28.57%,29.49%,30.21%,30.31%,30.07%,30.30%,31.39%,31.97%,31.19%,30.09%,30.40%,29.44%,Upgrade
Free Cash Flow Margin,43.15%,50.17%,57.11%,58.00%,35.12%,77.05%,61.82%,73.91%,74.24%,34.06%,-13.36%,62.31%,16.72%,66.75%,15.13%,20.72%,29.59%,75.84%,45.88%,33.58%,35.14%,64.41%,33.66%,36.56%,87.16%,58.79%,62.91%,1.19%,53.30%,34.80%,55.29%,36.50%,37.17%,61.57%,44.18%,20.01%,60.84%,67.31%,122.08%,47.22%,Upgrade
Effective Tax Rate,16.87%,18.23%,18.49%,18.50%,17.10%,15.46%,18.33%,19.61%,19.44%,18.80%,19.43%,18.40%,18.18%,17.53%,19.13%,19.35%,19.19%,19.02%,17.96%,17.61%,17.88%,67.69%,24.19%,26.11%,23.79%,23.74%,24.70%,25.63%,24.59%,22.04%,23.91%,20.34%,24.26%,23.97%,25.07%,22.55%,25.01%,24.53%,24.50%,20.70%,Upgrade
EBITDA,82.9,106.98,106.78,102.62,90.38,68.96,100.23,104.25,108.04,108.72,104.34,85.44,60.34,77.06,70.88,71.26,67.07,67.45,65.87,59.44,51.73,50.67,52.41,49.85,45.33,45.17,45.8,45.53,42.56,42.79,43.16,41.03,40.47,41.02,42.95,40.58,39.04,38.97,37.3,31.54,Upgrade
EBITDA Margin,39.74%,47.25%,46.96%,45.97%,42.62%,35.54%,50.95%,53.01%,54.87%,51.28%,52.20%,49.52%,40.64%,46.74%,40.62%,47.15%,46.69%,47.13%,46.07%,43.81%,42.90%,44.19%,44.92%,44.95%,43.44%,42.05%,43.09%,43.20%,42.40%,42.77%,44.03%,42.40%,43.98%,44.30%,46.02%,45.24%,45.55%,44.18%,44.24%,40.90%,Upgrade
Depreciation & Amortization,9.26,9.54,9.45,8.89,8.6,8.98,7.64,7.68,7.74,7.91,7.83,7.69,7.37,7.45,7.06,6.3,6.27,6.21,5.73,5.57,4.78,4.38,4.3,4.25,4.32,4.46,4.69,4.59,4.53,4.95,4.24,4.21,3.94,4.12,3.85,3.55,3.4,3.79,3.36,2.91,Upgrade
EBIT,73.64,97.44,97.33,93.73,81.78,59.98,92.6,96.56,100.3,100.81,96.51,77.75,52.97,69.61,63.82,64.96,60.8,61.25,60.14,53.87,46.96,46.28,48.12,45.59,41.01,40.7,41.11,40.94,38.03,37.85,38.92,36.82,36.54,36.9,39.09,37.03,35.64,35.18,33.94,28.63,Upgrade
EBIT Margin,35.30%,43.04%,42.80%,41.98%,38.56%,30.91%,47.07%,49.10%,50.94%,47.55%,48.28%,45.07%,35.68%,42.22%,36.57%,42.98%,42.33%,42.79%,42.06%,39.71%,38.94%,40.37%,41.24%,41.11%,39.30%,37.89%,38.68%,38.84%,37.89%,37.83%,39.70%,38.05%,39.70%,39.85%,41.89%,41.28%,41.58%,39.88%,40.26%,37.13%,Upgrade
