Metrics,2023-03-31,2022-12-31,2022-09-30,2022-06-30,2022-03-31,2021-12-31,2021-09-30,2021-06-30,2021-03-31,2020-12-31,2020-09-30,2020-06-30,2020-03-31,2019-12-31,2019-09-30,2019-06-30,2019-03-31,2018-12-31,2018-09-30,2018-06-30,2018-03-31,2017-12-31,2017-09-30,2017-06-30,2017-03-31,2016-12-31,2016-09-30,2016-06-30,2016-03-31,2015-12-31,2015-09-30,2015-06-30,2015-03-31,2014-12-31,2014-09-30,2014-06-30,2014-03-31,2013-12-31,2013-09-30,2013-06-30,+41 Quarters
Revenue,24.94,22.03,22.6,17.23,19.21,19.98,17.68,16.41,14.39,13.47,13.84,14.48,13.74,15.44,14.87,14.35,17.66,23.11,26,15.79,16.46,21.87,16.23,16.23,16.04,15.9,13.22,14.93,14.92,20.85,12.9,13.7,12.51,8.03,11.04,10.47,13.2,6.44,9.76,15.14,Upgrade
Revenue Growth (YoY),29.84%,10.28%,27.84%,5.04%,33.49%,48.26%,27.76%,13.32%,4.74%,-12.74%,-6.90%,0.92%,-22.24%,-33.19%,-42.83%,-9.12%,7.33%,5.67%,60.16%,-2.77%,2.60%,37.53%,22.79%,8.71%,7.51%,-23.71%,2.52%,8.98%,19.30%,159.62%,16.78%,30.90%,-5.26%,24.73%,13.10%,-30.87%,1.98%,-15.07%,54.67%,158.56%,Upgrade
Cost of Revenue,0.6,1.17,1.52,0.98,1.06,0.98,1.24,0.76,1.01,0.86,1.45,0.85,1.18,1,1.38,0.92,1.18,1.01,1.61,1.29,1.4,1.9,2.23,1.62,2.48,1.96,2.25,2.37,2.64,2.37,2.93,2.28,2.47,2.25,2.09,1.81,2.1,0.64,2.61,2.32,Upgrade
Gross Profit,24.34,20.86,21.08,16.25,18.14,18.99,16.44,15.65,13.38,12.61,12.38,13.62,12.56,14.45,13.48,13.43,16.49,22.1,24.39,14.49,15.06,19.97,14.01,14.61,13.56,13.94,10.97,12.56,12.28,18.47,9.96,11.43,10.04,5.78,8.95,8.66,11.1,5.8,7.15,12.83,Upgrade
"Selling, General & Admin",5.07,5.45,4.51,3.81,3.68,3.93,4.15,3.46,3.29,3.77,3.51,2.85,2.9,3.3,6.99,2.5,2.78,3.58,3.65,3.04,2.81,3.56,3.2,2.88,3.13,3.36,2.38,2.76,2.33,2.45,2.38,2.03,1.81,1.47,1.41,1.4,1.27,1.14,0.99,1.14,Upgrade
Other Operating Expenses,-0.14,0.66,0.69,0.68,0.68,1.77,0.68,1.92,0.68,2.8,4.99,1.2,2.07,0.71,0.82,0.82,0.82,0.86,1.01,0.92,0.91,1.09,1.26,1.27,1.59,1.57,1.36,1.87,2.12,2.21,1.41,1.54,1.45,0.63,1.67,1.29,1.61,5.38,1.83,1.76,Upgrade
Operating Expenses,4.93,6.11,5.19,4.49,4.37,5.7,4.83,5.38,3.97,6.57,8.51,4.05,4.97,4,7.81,3.32,3.6,4.44,4.67,3.96,3.72,4.66,4.46,4.15,4.72,4.93,3.74,4.63,4.46,4.66,3.79,3.56,3.26,2.1,3.08,2.69,2.88,6.52,2.82,2.9,Upgrade
Operating Income,19.4,14.74,15.89,11.76,13.78,13.29,11.62,10.27,9.41,6.04,3.88,9.58,7.6,10.44,5.67,10.11,12.89,17.66,19.73,10.53,11.34,15.32,9.55,10.47,8.83,9.01,7.23,7.93,7.83,13.82,6.18,7.87,6.77,3.68,5.87,5.97,8.22,-0.72,4.33,9.92,Upgrade
Interest Expense / Income,17.97,11.71,8.04,6.78,3.94,5.7,5.66,5.36,5.23,5.2,5.11,4.89,6.02,5.61,6.51,6.21,6.39,6.77,6.39,6.35,5.35,5.16,5.71,5.84,5.44,2.89,3.49,4.32,4.77,3.14,4.75,2.99,3.94,4.14,2.58,2.34,2.17,1.7,2.33,1.43,Upgrade
Other Expense / Income,-15.37,-0.14,-10.58,-12.64,-16.44,-0.29,-6.95,-5.46,-2.81,-,-,-,-1.42,-5.67,-10.48,-,-,-2.9,-3.74,0.83,-,-9.39,0.58,0.58,-6.36,0.52,-1.21,-12.05,0.52,-2.65,-1.12,-3.35,0.31,-2.48,-0.01,-0.03,-0,-4.45,-1.4,4.54,Upgrade
Pretax Income,16.8,3.17,18.44,17.63,26.28,7.89,12.91,10.37,6.99,0.84,-1.23,4.69,2.99,10.5,9.64,3.9,6.49,13.8,17.07,3.35,6,19.56,3.26,4.05,9.75,5.6,4.95,15.66,2.53,13.32,2.54,8.22,2.52,2.02,3.31,3.66,6.05,2.03,3.41,3.96,Upgrade
Income Tax,0.01,-0.01,-0.08,0.02,0.01,0.04,-0.08,0.11,0,0.04,-0.07,0.1,0.01,0.06,-0.07,0.02,0.04,-0.12,-0.81,0.01,-0.01,3.91,-0.29,-0.06,2.46,-0.03,0.33,4.65,0,0,0,0,0,0,0,0,0,0,0,0,Upgrade
Net Income,16.79,3.17,18.52,17.61,26.26,7.85,12.99,10.26,6.99,0.8,-1.16,4.59,2.98,10.45,9.71,3.89,6.45,13.91,17.88,3.34,6,15.65,3.55,4.11,7.29,5.62,4.62,11.01,2.53,13.32,2.54,8.22,2.52,2.02,3.31,3.66,6.05,2.03,3.41,3.96,Upgrade
Preferred Dividends,2.48,0.36,0.14,0.23,2.74,0.11,0.58,1.41,0.74,0,-0.02,0.76,0.66,0.74,1.98,0.75,1.5,0.76,2.88,0.74,0.77,1.63,0.55,0.47,1.47,0.75,0.51,2.25,0.07,1.24,0.31,0.9,0.03,0.03,0.03,0.25,0.74,0.02,0.37,0.51,Upgrade
Net Income Common,16.79,3.17,18.52,17.61,26.26,7.85,12.99,10.26,6.99,0.8,-1.16,4.59,2.98,10.45,9.71,3.89,6.45,13.91,17.88,3.34,6,14.02,2.99,3.64,5.82,4.87,4.12,8.76,2.46,12.09,2.23,7.32,2.5,1.99,3.27,3.41,5.3,2,3.04,3.45,Upgrade
Net Income Growth,-36.07%,-59.57%,42.56%,71.53%,275.58%,883.24%,-,123.71%,134.52%,-92.35%,-,18.07%,-53.78%,-24.92%,-45.71%,16.42%,7.45%,-0.74%,497.78%,-8.34%,3.22%,187.87%,-27.34%,-58.42%,136.19%,-59.71%,84.61%,19.67%,-1.40%,507.76%,-31.86%,114.59%,-52.91%,-0.77%,7.75%,-1.05%,-32.07%,79.58%,61.78%,2360.11%,Upgrade
Shares Outstanding (Basic),23,23,22,22,22,22,21,21,21,21,21,21,21,21,21,21,21,20,20,20,20,20,20,20,20,20,20,21,21,21,21,21,21,21,21,21,19,15,15,15,Upgrade
Shares Outstanding (Diluted),23,23,22,22,22,22,21,21,21,21,21,21,21,21,21,21,21,20,20,20,20,20,20,20,20,20,20,21,21,21,21,21,21,21,21,21,19,15,15,15,Upgrade
Shares Change,0.26%,0.21%,8.92%,9.04%,8.83%,8.90%,0.17%,0.05%,-0.10%,-0.41%,0.04%,0.20%,0.54%,1.15%,1.02%,0.82%,0.50%,0.46%,0.16%,0.12%,0.14%,-0.30%,-0.61%,-0.65%,-0.36%,-0.34%,-0.13%,-,-,-0.01%,-,-,5.86%,32.46%,40.87%,40.87%,33.07%,6.41%,-,26.99%,Upgrade
EPS (Basic),0.60,0.09,0.78,0.73,1.01,0.30,0.56,0.39,0.26,-,-0.09,0.18,0.12,0.47,0.38,0.15,0.23,0.65,0.73,0.12,0.26,0.68,0.15,0.18,0.29,0.26,0.21,0.44,0.12,0.41,0.12,0.35,0.12,0.12,0.18,0.15,0.29,0.15,0.23,0.26,Upgrade
EPS (Diluted),0.60,0.09,0.78,0.73,1.01,0.30,0.56,0.39,0.26,-,-0.09,0.18,0.12,0.47,0.38,0.15,0.23,0.65,0.73,0.12,0.26,0.68,0.15,0.18,0.29,0.26,0.21,0.44,0.12,0.41,0.12,0.35,0.12,0.12,0.18,0.15,0.29,0.15,0.23,0.26,Upgrade
EPS Growth,-40.59%,-71.29%,38.65%,87.50%,282.58%,-,-,122.73%,123.73%,-,-,19.73%,-49.79%,-27.24%,-48.03%,24.58%,-10.98%,-4.44%,400.00%,-32.95%,-10.20%,156.06%,-28.64%,-60.09%,149.15%,-35.77%,74.58%,24.93%,0%,248.31%,-32.95%,140.14%,-59.86%,-19.73%,-25.11%,-44.32%,-47.31%,24.58%,33.52%,810.34%,Upgrade
Free Cash Flow Per Share,0.02,0.00,0.23,0.22,0.41,0.48,0.49,0.27,0.36,0.15,0.17,0.32,0.11,0.25,0.28,0.17,0.17,0.37,1.15,0.23,0.01,1.79,0.23,0.30,0.91,0.26,0.20,1.77,0.23,0.11,0.32,0.81,0.20,0.00,0.01,-0.11,-0.23,-0.18,0.20,-0.01,Upgrade
Dividend Per Share,0.370,0.470,0.366,0.558,0.323,0.558,0.323,0.323,0.264,0.176,0.176,0.176,0.367,0.367,0.367,0.367,0.367,0.367,0.367,0.367,0.367,0.367,0.367,0.367,0.367,0.367,0.367,0.367,0.367,0.367,0.367,0.367,0.367,0.367,0.367,0.367,0.367,0.367,0.367,0.367,Upgrade
Dividend Growth,14.55%,-15.77%,13.31%,72.76%,22.35%,217.05%,83.52%,83.52%,-28.07%,-52.04%,-52.04%,-52.04%,0%,0%,0%,0%,0%,0%,0%,0%,0%,0%,0%,0%,0%,0%,0%,0%,0%,0%,0%,0%,0%,0%,0%,0%,0%,0%,0%,0%,Upgrade
Gross Margin,97.58%,94.67%,93.27%,94.32%,94.46%,95.07%,92.99%,95.36%,93.00%,93.60%,89.49%,94.10%,91.44%,93.55%,90.70%,93.59%,93.34%,95.64%,93.82%,91.82%,91.52%,91.33%,86.29%,90.01%,84.51%,87.65%,82.96%,84.13%,82.33%,88.62%,77.26%,83.39%,80.24%,72.01%,81.06%,82.74%,84.09%,90.06%,73.27%,84.71%,Upgrade
Operating Margin,77.81%,66.92%,70.30%,68.25%,71.73%,66.54%,65.69%,62.58%,65.41%,44.83%,28.01%,66.14%,55.29%,67.62%,38.16%,70.47%,72.96%,76.43%,75.87%,66.72%,68.93%,70.04%,58.84%,64.47%,55.06%,56.64%,54.69%,53.11%,52.45%,66.29%,47.90%,57.41%,54.16%,45.86%,53.19%,57.03%,62.24%,-11.15%,44.39%,65.54%,Upgrade
Profit Margin,67.33%,14.41%,81.92%,102.17%,136.75%,39.31%,73.46%,62.56%,48.60%,5.93%,-8.38%,31.69%,21.71%,67.65%,65.30%,27.09%,36.52%,60.20%,68.78%,21.15%,36.48%,64.09%,18.43%,22.43%,36.27%,30.62%,31.14%,58.66%,16.51%,57.98%,17.29%,53.42%,19.97%,24.77%,29.64%,32.59%,40.19%,31.13%,31.11%,22.77%,Upgrade
Free Cash Flow Margin,1.88%,0.10%,23.02%,28.15%,48.12%,53.57%,57.42%,34.18%,51.66%,23.03%,25.27%,45.35%,16.44%,33.21%,38.18%,24.76%,19.88%,33.02%,89.85%,29.55%,0.98%,166.35%,29.38%,38.00%,115.45%,33.22%,30.93%,243.73%,31.56%,11.03%,50.61%,120.46%,32.63%,0.98%,2.83%,-22.06%,-33.60%,-44.18%,29.55%,-1.43%,Upgrade
Effective Tax Rate,0.04%,-0.18%,-0.44%,0.12%,0.06%,0.47%,-0.63%,1.04%,0.00%,4.63%,-,2.09%,0.38%,0.53%,-0.71%,0.44%,0.64%,-0.85%,-4.74%,0.39%,-0.12%,19.99%,-8.74%,-1.56%,25.22%,-0.45%,6.68%,29.71%,-,-,-,-,-,-,-,-,-,-,-,-,Upgrade
EBITDA,35.18,15.54,27.16,25.09,30.9,14.27,19.25,16.42,12.9,6.71,4.6,10.29,9.72,16.82,16.89,10.93,13.71,21.43,24.33,10.62,12.25,25.8,10.23,11.16,16.78,10.06,9.8,21.79,9.43,18.37,8.76,12.65,8.15,7.03,7.71,7.53,9.83,5.46,7.5,7.05,Upgrade
EBITDA Margin,141.05%,70.56%,120.15%,145.59%,160.88%,71.43%,108.88%,100.05%,89.68%,49.80%,33.22%,71.06%,70.77%,108.90%,113.63%,76.19%,77.61%,92.73%,93.58%,67.29%,74.44%,117.98%,63.04%,68.73%,104.62%,63.26%,74.13%,145.90%,63.18%,88.13%,67.94%,92.33%,65.20%,87.52%,69.84%,71.90%,74.46%,84.78%,76.81%,46.54%,Upgrade
Depreciation & Amortization,0.4,0.66,0.69,0.68,0.68,0.68,0.68,0.68,0.68,0.67,0.72,0.71,0.71,0.71,0.74,0.82,0.82,0.86,0.86,0.92,0.91,1.09,1.26,1.27,1.59,1.57,1.36,1.81,2.12,1.91,1.47,1.44,1.69,0.87,1.83,1.52,1.61,1.73,1.76,1.67,Upgrade
EBIT,34.77,14.88,26.47,24.4,30.22,13.59,18.57,15.73,12.22,6.04,3.88,9.58,9.01,16.11,16.15,10.11,12.89,20.57,23.47,9.7,11.34,24.71,8.97,9.89,15.19,8.49,8.44,19.98,7.3,16.47,7.29,11.21,6.46,6.16,5.88,6,8.22,3.73,5.74,5.38,Upgrade
EBIT Margin,139.43%,67.56%,117.11%,141.62%,157.32%,68.01%,105.03%,95.88%,84.93%,44.83%,28.01%,66.14%,65.60%,104.32%,108.63%,70.47%,72.96%,89.00%,90.26%,61.45%,68.93%,112.99%,55.28%,60.91%,94.69%,53.39%,63.83%,133.80%,48.94%,78.98%,56.56%,81.84%,51.66%,76.68%,53.28%,57.33%,62.24%,57.94%,58.75%,35.54%,Upgrade
