Metrics,2023-03-31,2022-12-31,2022-09-30,2022-06-30,2022-03-31,2021-12-31,2021-09-30,2021-06-30,2021-03-31,2020-12-31,2020-09-30,2020-06-30,2020-03-31,2019-12-31,2019-09-30,2019-06-30,2019-03-31,2018-12-31,2018-09-30,2018-06-30,2018-03-31,2017-12-31,2017-09-30,2017-06-30,2017-03-31,2016-12-31,2016-09-30,2016-06-30,2016-03-31,2015-12-31,2015-09-30,2015-06-30,2015-03-31,2014-12-31,2014-09-30,2014-06-30,2014-03-31,2013-12-31,2013-09-30,2013-06-30,+29 Quarters
Revenue,154.99,145.51,126.72,121.42,133.03,161.43,139.27,134.52,153.37,169.42,123.99,114.75,75.95,100.86,138.19,140.35,158.75,62.26,32.55,88.08,0.14,124.54,236.15,121.48,163.51,188.74,145.55,87.81,166.28,73.75,-89.87,67.62,71.55,149.57,28.13,200.39,101.72,223.23,213.34,156.76,Upgrade
Revenue Growth (YoY),16.51%,-9.86%,-9.01%,-9.74%,-13.26%,-4.72%,12.33%,17.23%,101.94%,67.97%,-10.28%,-18.24%,-52.16%,62.00%,324.61%,59.34%,112491.49%,-50.01%,-86.22%,-27.49%,-99.91%,-34.02%,62.25%,38.34%,-1.66%,155.92%,-,29.86%,132.38%,-50.69%,-,-66.26%,-29.66%,-33.00%,-86.82%,27.83%,-40.51%,236.54%,0.07%,68.77%,Upgrade
Cost of Revenue,96.73,63.7,94.56,60.82,97.41,79.9,110.4,86.96,97.72,84.89,88.05,89.19,75.7,94.18,92.96,78.48,122.87,96.45,86.78,84.82,95.82,122.66,168.92,106.02,104.81,97.3,81.47,111.38,90.67,79.82,97.42,76.65,63.21,57.95,53.03,56.64,67.36,99.5,94.37,78.35,Upgrade
Gross Profit,58.26,81.82,32.16,60.6,35.62,81.52,28.87,47.56,55.65,84.53,35.93,25.55,0.25,6.68,45.23,61.87,35.89,-34.2,-54.24,3.27,-95.68,1.88,67.23,15.46,58.7,91.43,64.08,-23.57,75.61,-6.07,-187.29,-9.03,8.35,91.62,-24.9,143.74,34.36,123.73,118.97,78.41,Upgrade
"Selling, General & Admin",51.41,45.93,44.21,44.44,40.18,46.93,41.11,45.37,40.92,40.93,32.17,24.05,38.53,34.76,38.69,45.09,28.37,43.44,35.47,41.58,50.17,40.15,46.21,51.78,49.95,41.12,32.78,40.48,45.96,38.28,37.53,30.83,33,28.55,28.49,31.13,44,38.29,60.61,48.88,Upgrade
Other Operating Expenses,0.13,0.34,6.15,0.19,0.03,8.7,0.04,0,2.95,0,0,0,0,0,0,0,0,0,0,0,0,0,0,0,0,0,0,0,0,0,0,0,0,0,0,0,0,0,0,0,Upgrade
Operating Expenses,51.54,46.27,50.36,44.63,40.21,55.63,41.15,45.37,43.87,40.93,32.17,24.05,38.53,34.76,38.69,45.09,28.37,43.44,35.47,41.58,50.17,40.15,46.21,51.78,49.95,41.12,32.78,40.48,45.96,38.28,37.53,30.83,33,28.55,28.49,31.13,44,38.29,60.61,48.88,Upgrade
Operating Income,6.72,35.55,-18.19,15.96,-4.59,25.9,-12.28,2.19,11.78,43.59,3.76,1.5,-38.29,-28.08,6.54,16.78,7.52,-77.63,-89.7,-38.31,-145.85,-38.28,21.02,-36.31,8.75,50.31,31.3,-64.04,29.65,-44.35,-224.82,-39.87,-24.66,63.07,-53.39,112.61,-9.64,85.44,58.37,29.54,Upgrade
Interest Expense / Income,0.78,0.79,1.09,1.17,1.15,1.58,1.58,1.56,1.54,1.58,1.58,1.56,1.56,1.58,1.58,1.56,1.54,1.58,0.93,0,0,0,0,0,0,0,0,0,0,0,0,0,0,0,0,0,0,0,0,0,Upgrade
Other Expense / Income,-,-,-,-,-,-,-,-,-,-,-,-,-,-,-,-,-,-0.17,-1.16,-0.62,-2.33,-0.2,1.08,-0.55,0.25,0.86,0.98,-0.79,0.77,-0.88,-3.91,-0.32,-0.39,2.17,-1.37,3.08,-0.2,1.51,1.74,0.89,Upgrade
Pretax Income,5.94,34.76,-19.29,14.8,-5.74,24.32,-13.85,0.63,10.23,42.02,2.18,-0.06,-39.85,-29.66,4.96,15.22,5.98,-79.04,-89.47,-37.69,-143.52,-38.07,19.94,-35.76,8.5,49.45,30.32,-63.25,28.87,-43.47,-220.91,-39.54,-24.26,60.89,-52.02,109.54,-9.44,83.93,56.63,28.64,Upgrade
Income Tax,0.05,0.01,-0.82,0.01,-0.02,0.01,0,-0,3.73,0,0,0,0.42,0.68,-0.18,-0.09,0.07,1.78,-0.36,-0.32,-0.77,-0.34,0.07,-0.3,0.12,0.26,0.31,-0.26,0.2,-0.36,-1.23,0.05,-0.22,0.2,-0.25,-0.01,-0.56,-0,0.09,0.14,Upgrade
Net Income,5.89,34.75,-18.47,14.79,-5.73,24.3,-13.85,0.63,6.5,42.02,2.18,-0.06,-40.27,-30.35,5.14,15.31,5.91,-80.82,-89.12,-37.37,-142.75,-37.73,19.88,-35.47,8.37,49.2,30.01,-63,28.67,-43.11,-219.68,-39.6,-24.05,60.69,-51.77,109.55,-8.88,83.93,56.54,28.5,Upgrade
Net Income Growth,-,42.98%,-,2254.78%,-,-42.16%,-,-,-,-,-57.53%,-,-,-,-,-,-,-,-,-,-,-,-33.77%,-,-70.79%,-,-,-,-,-,-,-,-,-27.69%,-,284.40%,-,-,22.54%,-,Upgrade
Shares Outstanding (Basic),34,36,33,34,33,36,33,35,35,38,36,36,36,34,37,36,36,36,36,37,37,37,37,37,37,38,37,37,37,37,37,37,37,37,37,37,37,37,37,37,Upgrade
Shares Outstanding (Diluted),38,40,33,40,33,37,33,35,35,38,36,36,36,34,37,37,36,36,36,37,37,37,37,37,37,39,37,37,37,37,37,37,37,38,37,38,37,38,38,38,Upgrade
Shares Change,16.11%,7.83%,0.60%,15.19%,-4.97%,-3.96%,-7.97%,-2.67%,-4.13%,12.44%,-3.09%,-2.86%,-0.62%,-5.00%,2.70%,-0.33%,-1.95%,-2.68%,-3.81%,-0.20%,-0.77%,-4.23%,-0.03%,-0.69%,-0.12%,4.90%,1.84%,-0.06%,0.67%,-2.91%,-0.74%,-1.58%,0.99%,0.42%,-1.75%,0.97%,-1.65%,0.94%,0.65%,2.39%,Upgrade
EPS (Basic),0.17,1.03,-0.56,0.44,-0.17,0.71,-0.42,0.02,0.19,1.18,0.06,-,-1.11,-0.83,0.14,0.42,0.16,-2.25,-2.48,-1.01,-3.85,-1.01,0.53,-0.96,0.22,1.32,0.80,-1.69,0.77,-1.17,-5.98,-1.06,-0.65,1.63,-1.40,2.94,-0.24,2.28,1.53,0.77,Upgrade
EPS (Diluted),0.17,1.01,-0.56,0.37,-0.17,0.71,-0.42,0.02,0.19,1.18,0.06,-,-1.11,-0.83,0.14,0.42,0.16,-2.25,-2.48,-1.01,-3.85,-1.01,0.53,-0.96,0.22,1.32,0.80,-1.69,0.77,-1.17,-5.98,-1.06,-0.65,1.60,-1.40,2.89,-0.24,2.23,1.50,0.76,Upgrade
EPS Growth,-,42.25%,-,1750.00%,-,-39.83%,-,-,-,-,-57.14%,-,-,-,-,-,-,-,-,-,-,-,-33.75%,-,-71.43%,-,-,-,-,-,-,-,-,-28.25%,-,280.26%,-,-,21.95%,-,Upgrade
Free Cash Flow Per Share,-0.04,-0.12,-0.41,-0.07,-0.35,-1.03,0.03,-0.03,-0.54,-1.23,-0.05,-0.31,-0.88,0.30,-0.08,0.04,-0.20,-1.04,0.18,0.01,-0.79,0.74,0.52,0.87,0.41,0.84,-1.79,0.17,-0.20,-0.35,-0.10,-0.60,-0.49,-1.27,-1.27,-0.77,-0.28,-0.98,-0.15,-0.90,Upgrade
Gross Margin,37.59%,56.23%,25.38%,49.91%,26.78%,50.50%,20.73%,35.36%,36.28%,49.89%,28.98%,22.27%,0.33%,6.62%,32.73%,44.09%,22.61%,-54.92%,-166.65%,3.71%,-67860.28%,1.51%,28.47%,12.73%,35.90%,48.44%,44.03%,-26.84%,45.47%,-8.23%,-,-13.36%,11.66%,61.25%,-88.52%,71.73%,33.78%,55.43%,55.77%,50.02%,Upgrade
Operating Margin,4.33%,24.43%,-14.36%,13.15%,-3.45%,16.04%,-8.81%,1.63%,7.68%,25.73%,3.03%,1.31%,-50.41%,-27.84%,4.73%,11.96%,4.74%,-124.69%,-275.62%,-43.49%,-103438.30%,-30.74%,8.90%,-29.89%,5.35%,26.66%,21.50%,-72.93%,17.83%,-60.13%,-,-58.96%,-34.46%,42.17%,-189.81%,56.20%,-9.47%,38.27%,27.36%,18.84%,Upgrade
Profit Margin,3.80%,23.88%,-14.57%,12.18%,-4.31%,15.06%,-9.95%,0.47%,4.24%,24.80%,1.76%,-0.05%,-53.03%,-30.09%,3.72%,10.91%,3.72%,-129.81%,-273.82%,-42.42%,-101242.55%,-30.30%,8.42%,-29.20%,5.12%,26.07%,20.62%,-71.74%,17.24%,-58.45%,-,-58.56%,-33.61%,40.58%,-184.04%,54.67%,-8.73%,37.60%,26.50%,18.18%,Upgrade
Free Cash Flow Margin,-0.81%,-3.01%,-10.58%,-1.97%,-8.73%,-23.24%,0.76%,-0.81%,-12.22%,-27.54%,-1.56%,-9.55%,-41.83%,10.22%,-2.10%,0.95%,-4.48%,-59.82%,20.18%,0.61%,-20688.65%,22.02%,8.15%,26.60%,9.44%,17.11%,-46.00%,7.03%,-4.39%,-17.60%,-,-33.29%,-25.39%,-31.76%,-167.62%,-14.37%,-10.11%,-16.26%,-2.67%,-21.24%,Upgrade
Effective Tax Rate,0.91%,0.02%,-,0.06%,-,0.05%,-,-0.16%,36.49%,-,-,-,-,-,-3.61%,-0.62%,1.22%,-,-,-,-,-,0.33%,-,1.42%,0.52%,1.01%,-,0.71%,-,-,-,-,0.34%,-,-0.01%,-,-0.00%,0.16%,0.50%,Upgrade
EBITDA,6.72,35.55,-18.19,15.96,-4.59,25.9,-12.28,2.2,11.78,43.59,3.77,1.51,-38.28,-28.08,6.55,16.79,7.53,-77.44,-88.52,-37.57,-143.43,-37.98,20.03,-35.67,8.59,49.55,30.41,-63.15,28.98,-43.37,-220.81,-39.44,-24.16,60.99,-51.92,109.65,-9.33,84.03,56.72,28.7,Upgrade
EBITDA Margin,4.33%,24.43%,-14.36%,13.15%,-3.45%,16.04%,-8.81%,1.63%,7.68%,25.73%,3.04%,1.31%,-50.40%,-27.84%,4.74%,11.96%,4.74%,-124.39%,-271.98%,-42.65%,-101723.40%,-30.50%,8.48%,-29.36%,5.25%,26.25%,20.89%,-71.92%,17.43%,-58.80%,-,-58.33%,-33.77%,40.78%,-184.57%,54.72%,-9.17%,37.64%,26.59%,18.31%,Upgrade
Depreciation & Amortization,0,0,0,0,0,0,0,0.01,0.01,0,0.01,0.01,0.01,0,0.01,0.01,0.01,0.02,0.03,0.13,0.09,0.09,0.09,0.09,0.09,0.09,0.1,0.1,0.1,0.1,0.1,0.1,0.1,0.1,0.11,0.12,0.11,0.1,0.1,0.06,Upgrade
EBIT,6.72,35.55,-18.19,15.96,-4.59,25.9,-12.28,2.19,11.78,43.59,3.76,1.5,-38.29,-28.08,6.54,16.78,7.52,-77.46,-88.54,-37.69,-143.52,-38.07,19.94,-35.76,8.5,49.45,30.32,-63.25,28.87,-43.47,-220.91,-39.54,-24.26,60.89,-52.02,109.54,-9.44,83.93,56.63,28.64,Upgrade
EBIT Margin,4.33%,24.43%,-14.36%,13.15%,-3.45%,16.04%,-8.81%,1.63%,7.68%,25.73%,3.03%,1.31%,-50.41%,-27.84%,4.73%,11.96%,4.74%,-124.42%,-272.06%,-42.79%,-101788.65%,-30.57%,8.44%,-29.44%,5.20%,26.20%,20.83%,-72.03%,17.36%,-58.94%,-,-58.48%,-33.91%,40.71%,-184.95%,54.66%,-9.28%,37.60%,26.54%,18.27%,Upgrade
