Metrics,2023-03-31,2022-12-31,2022-09-30,2022-06-30,2022-03-31,2021-12-31,2021-09-30,2021-06-30,2021-03-31,2020-12-31,2020-09-30,2020-06-30,2020-03-31,2019-12-31,2019-09-30,2019-06-30,2019-03-31,2018-12-31,2018-09-30,2018-06-30,2018-03-31,2017-12-31,2017-09-30,2017-06-30,2017-03-31,2016-12-31,2016-09-30,2016-06-30,2016-03-31,2015-12-31,2015-09-30,2015-06-30,2015-03-31,2014-12-31,2014-09-30,2014-06-30,2014-03-31,2013-12-31,2013-09-30,2013-06-30,+71 Quarters
Revenue,353.9,346.8,343,346.3,346.7,331.4,329.6,347.1,322,352.3,337.1,314.9,307.3,325.07,336.64,454.11,315.88,278.54,311.32,306.26,295.49,302.99,289.82,291.44,287.3,282.87,291.18,283.56,271.3,276.11,265.75,268.47,270.12,269.16,265.52,264.74,261.27,259.22,251.88,265.64,Upgrade
Revenue Growth (YoY),2.08%,4.65%,4.07%,-0.23%,7.67%,-5.93%,-2.22%,10.23%,4.78%,8.38%,0.14%,-30.66%,-2.71%,16.71%,8.13%,48.28%,6.90%,-8.07%,7.42%,5.09%,2.85%,7.11%,-0.47%,2.78%,5.90%,2.45%,9.57%,5.62%,0.44%,2.58%,0.09%,1.41%,3.39%,3.84%,5.41%,-0.34%,2.65%,1.49%,-1.82%,4.49%,Upgrade
Cost of Revenue,231.9,251.9,219.5,250,214.9,182.2,216.7,198.3,184.9,187.1,202.5,193.7,190.2,191.54,207.77,206.29,192.31,216.84,213.97,219.35,193.6,187.87,184.97,215.23,192.87,186.47,184.37,195.98,166.2,174.96,167.4,178.29,158.56,156.68,161.92,170.89,155.08,145.62,155.63,162.86,Upgrade
Gross Profit,122,94.9,123.5,96.3,131.8,149.2,112.9,148.8,137.1,165.2,134.6,121.2,117.1,133.53,128.87,247.82,123.57,61.69,97.35,86.91,101.89,115.12,104.84,76.21,94.43,96.4,106.81,87.57,105.1,101.14,98.36,90.18,111.56,112.48,103.6,93.86,106.19,113.6,96.26,102.77,Upgrade
"Selling, General & Admin",103.5,108.2,98.9,104.3,98.7,92.9,87.2,84,82.1,89.6,82.5,76.1,90.7,84.88,89.98,88.99,81.15,86.57,77.06,76.8,74.87,76.91,68.38,71.04,73.64,66.25,68.81,67.93,66.85,67.32,65.36,64.04,59.61,66.75,64.35,61.73,62.98,61.53,62.32,62.01,Upgrade
Other Operating Expenses,3.7,9,4.2,4.2,4.2,3.2,3.3,3.2,3.3,13.5,3.5,3.7,3.7,3.91,3.78,28.57,0.54,0,0,0,0,0,0,0,0,0,0,0,0,0,0,0,0,0,0,0,0,0,0,0,Upgrade
Operating Expenses,107.2,117.2,103.1,108.5,102.9,96.1,90.5,87.2,85.4,103.1,86,79.8,94.4,88.79,93.76,117.56,81.69,86.57,77.06,76.8,74.87,76.91,68.38,71.04,73.64,66.25,68.81,67.93,66.85,67.32,65.36,64.04,59.61,66.75,64.35,61.73,62.98,61.53,62.32,62.01,Upgrade
Operating Income,14.8,-22.3,20.4,-12.2,28.9,53.1,22.4,61.6,51.7,62.1,48.6,41.4,22.7,44.74,35.11,130.27,41.88,-24.88,20.29,10.1,27.02,38.21,36.46,5.17,20.79,30.15,38,19.64,38.25,33.82,33,26.14,51.95,45.73,39.25,32.13,43.21,52.07,33.94,40.76,Upgrade
Interest Expense / Income,6.7,5.9,5.3,4.3,3.9,3.5,3.4,3.5,3.5,3.5,3.5,4,4.2,4.38,4.61,3.31,3.3,3.28,3.25,3.29,3.17,3.07,2.98,2.95,2.96,2.95,2.98,2.95,2.94,3.51,2.65,3.41,3.55,3.56,3.54,3.55,3.55,3.58,3.55,3.55,Upgrade
Other Expense / Income,-,-,-,-,-,-,-,-,-,-,-,-,-,-,-,-,-,-,-,-,-,-,-,-,-,-,-,-,-,2.34,-,-,-,-,-,-,-,-,-,-,Upgrade
Pretax Income,8.1,-28.2,15.1,-16.5,25,49.6,19,58.1,48.2,58.6,45.1,37.4,18.5,40.36,30.5,126.96,38.58,-28.16,17.04,6.81,23.85,35.14,33.48,2.23,17.84,27.2,35.02,16.69,35.32,27.97,30.35,22.73,48.4,42.16,35.71,28.58,39.66,48.49,30.39,37.21,Upgrade
Income Tax,1.5,-9.7,1.2,-4,4.7,9.1,2.7,11.4,8.9,10.8,8.6,6.9,0,7.41,5.05,33.13,6.41,-7.91,4.51,0.9,3.69,-90.19,6.93,-0.03,2.52,7.38,8.1,4.83,10.16,6.93,8.36,6.55,14.12,12.1,10.35,8.13,11.3,14.2,6.79,11.22,Upgrade
Net Income,6.6,-18.5,13.9,-12.5,20.3,40.5,16.3,46.7,39.3,47.8,36.5,30.5,18.5,32.96,25.45,93.82,32.17,-20.26,12.53,5.92,20.16,125.33,26.55,2.26,15.32,19.82,26.92,11.87,25.15,21.04,21.98,16.18,34.28,30.07,25.36,20.45,28.37,34.29,23.6,26,Upgrade
Net Income Growth,-67.49%,-,-14.72%,-,-48.35%,-15.27%,-55.34%,53.11%,112.43%,45.03%,43.40%,-67.49%,-42.49%,-,103.18%,1485.63%,59.59%,-,-52.82%,161.70%,31.58%,532.24%,-1.38%,-80.95%,-39.10%,-5.78%,22.47%,-26.68%,-26.61%,-30.03%,-13.30%,-20.87%,20.83%,-12.30%,7.45%,-21.32%,5.01%,7.73%,-26.86%,98.39%,Upgrade
Shares Outstanding (Basic),41,41,41,42,42,42,42,42,42,42,42,42,42,42,42,42,42,42,42,42,41,41,41,41,41,41,41,41,41,42,42,42,42,43,42,41,41,42,40,40,Upgrade
Shares Outstanding (Diluted),41,42,42,42,42,42,42,42,42,42,42,42,42,42,42,42,42,42,42,42,42,42,42,41,41,42,41,41,41,43,42,42,42,42,42,42,42,42,42,41,Upgrade
Shares Change,-1.66%,-1.66%,-1.42%,-0.71%,-,0.48%,0.24%,0.24%,0.24%,0.32%,0.17%,0.19%,0.51%,-1.25%,0.43%,0.45%,0.32%,1.28%,0.66%,0.58%,0.75%,0.28%,0.55%,0.43%,-0.36%,-2.04%,-2.26%,-2.62%,-1.91%,0.37%,-0.03%,0.27%,0.10%,0.03%,1.41%,2.21%,2.85%,1.86%,1.44%,0.22%,Upgrade
EPS (Basic),0.16,-0.44,0.33,-0.30,0.48,0.96,0.39,1.11,0.94,1.14,0.87,0.73,0.44,0.79,0.61,2.25,0.77,-0.49,0.30,0.14,0.49,3.03,0.64,0.05,0.37,0.49,0.66,0.29,0.61,0.50,0.53,0.39,0.82,0.71,0.61,0.49,0.69,0.82,0.59,0.65,Upgrade
EPS (Diluted),0.16,-0.44,0.33,-0.30,0.48,0.96,0.39,1.11,0.93,1.14,0.87,0.73,0.44,0.79,0.60,2.24,0.77,-0.49,0.30,0.14,0.48,3.02,0.64,0.05,0.37,0.47,0.65,0.29,0.61,0.49,0.52,0.38,0.81,0.71,0.60,0.48,0.67,0.81,0.57,0.63,Upgrade
EPS Growth,-66.67%,-,-15.38%,-,-48.39%,-15.79%,-55.17%,52.05%,111.36%,44.30%,45.00%,-67.41%,-42.86%,-,100.00%,1500.00%,60.42%,-,-53.13%,180.00%,29.73%,542.55%,-1.54%,-82.76%,-39.34%,-4.08%,25.00%,-23.68%,-24.69%,-30.99%,-13.33%,-20.83%,20.90%,-12.35%,5.26%,-23.81%,1.52%,5.19%,-26.92%,96.88%,Upgrade
Free Cash Flow Per Share,2.09,1.35,0.86,-0.38,2.28,0.64,1.46,-0.60,3.39,-0.19,2.44,1.87,2.09,-1.91,2.62,-0.65,3.00,-0.40,1.59,1.90,1.74,0.47,2.00,1.97,1.77,1.13,1.19,0.86,1.95,1.16,1.46,0.74,1.60,1.32,1.39,1.33,1.29,1.30,1.64,1.28,Upgrade
Dividend Per Share,0.330,0.320,0.320,0.320,0.320,0.310,0.310,0.310,0.310,0.300,0.300,0.300,0.300,0.287,0.287,0.287,0.287,0.285,0.285,0.285,0.285,0.275,0.275,0.275,0.275,0.265,0.265,0.265,0.265,0.250,0.250,0.250,0.250,0.230,0.230,0.230,0.230,0.200,0.195,0.200,Upgrade
Dividend Growth,3.13%,3.23%,3.23%,3.23%,3.23%,3.33%,3.33%,3.33%,3.33%,4.53%,4.53%,4.53%,4.53%,0.70%,0.70%,0.70%,0.70%,3.64%,3.64%,3.64%,3.64%,3.77%,3.77%,3.77%,3.77%,6.00%,6.00%,6.00%,6.00%,8.70%,8.70%,8.70%,8.70%,15.00%,17.95%,15.00%,17.95%,25.00%,50.00%,53.85%,Upgrade
Gross Margin,34.47%,27.36%,36.01%,27.81%,38.02%,45.02%,34.25%,42.87%,42.58%,46.89%,39.93%,38.49%,38.11%,41.08%,38.28%,54.57%,39.12%,22.15%,31.27%,28.38%,34.48%,37.99%,36.18%,26.15%,32.87%,34.08%,36.68%,30.88%,38.74%,36.63%,37.01%,33.59%,41.30%,41.79%,39.02%,35.45%,40.64%,43.82%,38.22%,38.69%,Upgrade
Operating Margin,4.18%,-6.43%,5.95%,-3.52%,8.34%,16.02%,6.80%,17.75%,16.06%,17.63%,14.42%,13.15%,7.39%,13.76%,10.43%,28.69%,13.26%,-8.93%,6.52%,3.30%,9.14%,12.61%,12.58%,1.78%,7.24%,10.66%,13.05%,6.93%,14.10%,12.25%,12.42%,9.74%,19.23%,16.99%,14.78%,12.14%,16.54%,20.09%,13.47%,15.34%,Upgrade
Profit Margin,1.86%,-5.33%,4.05%,-3.61%,5.86%,12.22%,4.95%,13.45%,12.20%,13.57%,10.83%,9.69%,6.02%,10.14%,7.56%,20.66%,10.18%,-7.27%,4.02%,1.93%,6.82%,41.36%,9.16%,0.78%,5.33%,7.01%,9.25%,4.18%,9.27%,7.62%,8.27%,6.03%,12.69%,11.17%,9.55%,7.73%,10.86%,13.23%,9.37%,9.79%,Upgrade
Free Cash Flow Margin,24.41%,16.06%,10.44%,-4.53%,27.60%,8.09%,18.66%,-7.32%,44.10%,-2.27%,30.32%,24.83%,28.44%,-24.50%,32.50%,-5.94%,39.51%,-5.95%,21.25%,25.86%,24.41%,6.40%,28.55%,28.02%,25.34%,16.47%,16.85%,12.49%,29.62%,17.47%,23.02%,11.55%,24.92%,20.91%,21.67%,20.79%,20.32%,21.22%,26.04%,19.17%,Upgrade
Effective Tax Rate,18.52%,-,7.95%,-,18.80%,18.35%,14.21%,19.62%,18.46%,18.43%,19.07%,18.45%,-,18.35%,16.56%,26.10%,16.62%,-,26.48%,13.15%,15.48%,-256.67%,20.71%,-1.48%,14.12%,27.12%,23.13%,28.92%,28.78%,24.78%,27.56%,28.81%,29.18%,28.69%,28.98%,28.44%,28.48%,29.29%,22.34%,30.14%,Upgrade
EBITDA,21.4,-15.4,33.2,-8.1,32.7,54.8,28,67.2,57.2,68,54.4,47.8,28,50.59,40.43,133.34,43.24,-17.52,20.29,10.1,27.02,44.82,36.46,5.17,20.79,30.15,38,19.64,38.25,31.49,33,26.14,51.95,45.73,39.25,32.13,43.21,52.07,33.94,40.76,Upgrade
EBITDA Margin,6.05%,-4.44%,9.68%,-2.34%,9.43%,16.54%,8.50%,19.36%,17.76%,19.30%,16.14%,15.18%,9.11%,15.56%,12.01%,29.36%,13.69%,-6.29%,6.52%,3.30%,9.14%,14.79%,12.58%,1.78%,7.24%,10.66%,13.05%,6.93%,14.10%,11.40%,12.42%,9.74%,19.23%,16.99%,14.78%,12.14%,16.54%,20.09%,13.47%,15.34%,Upgrade
Depreciation & Amortization,6.6,6.9,12.8,4.1,3.8,1.7,5.6,5.6,5.5,5.9,5.8,6.4,5.3,5.85,5.32,3.08,1.36,7.36,0,0,0,6.62,0,0,0,0,0,0,0,0,0,0,0,0,0,0,0,0,0,0,Upgrade
EBIT,14.8,-22.3,20.4,-12.2,28.9,53.1,22.4,61.6,51.7,62.1,48.6,41.4,22.7,44.74,35.11,130.27,41.88,-24.88,20.29,10.1,27.02,38.21,36.46,5.17,20.79,30.15,38,19.64,38.25,31.49,33,26.14,51.95,45.73,39.25,32.13,43.21,52.07,33.94,40.76,Upgrade
EBIT Margin,4.18%,-6.43%,5.95%,-3.52%,8.34%,16.02%,6.80%,17.75%,16.06%,17.63%,14.42%,13.15%,7.39%,13.76%,10.43%,28.69%,13.26%,-8.93%,6.52%,3.30%,9.14%,12.61%,12.58%,1.78%,7.24%,10.66%,13.05%,6.93%,14.10%,11.40%,12.42%,9.74%,19.23%,16.99%,14.78%,12.14%,16.54%,20.09%,13.47%,15.34%,Upgrade
