Metrics,2023-03-31,2022-12-31,2022-09-30,2022-06-30,2022-03-31,2021-12-31,2021-09-30,2021-06-30,2021-03-31,2020-12-31,2020-09-30,2020-06-30,2020-03-31,2019-12-31,2019-09-30,2019-06-30,2019-03-31,2018-12-31,2018-09-30,2018-06-30,2018-03-31,2017-12-31,2017-09-30,2017-06-30,2017-03-31,2016-12-31,2016-09-30,2016-06-30,2016-03-31,2015-12-31,2015-09-30,2015-06-30,2015-03-31,2014-12-31,2014-09-30,2014-06-30,2014-03-31,2013-12-31,2013-09-30,2013-06-30,+69 Quarters
Revenue,"1,294.8","1,376.7","1,377.6","1,433.8","1,370.1","1,477.9","1,455.4","1,507.7","1,352","1,392.1","1,353.7","1,230.9","1,229","1,283.7","1,243.8","1,275.4","1,236.3","1,094.7","1,195.5",741.9,693,697.3,690.3,684.4,651.4,642.7,640.7,627.2,611.3,617,615.4,609.2,499.2,559.7,539.8,542.5,554.6,586,635.7,588.9,Upgrade
Revenue Growth (YoY),-5.50%,-6.85%,-5.35%,-4.90%,1.34%,6.16%,7.51%,22.49%,10.01%,8.44%,8.84%,-3.49%,-0.59%,17.27%,4.04%,71.91%,78.40%,56.99%,73.19%,8.40%,6.39%,8.50%,7.74%,9.12%,6.56%,4.17%,4.11%,2.95%,22.46%,10.24%,14.01%,12.29%,-9.99%,-4.49%,-15.09%,-7.88%,-9.95%,-1.78%,-1.53%,-3.28%,Upgrade
Cost of Revenue,"1,321.3","1,365.9","1,403.7","1,478","1,428","1,585.1","1,522.5","1,538.1","1,173.2","1,142.7","1,154.4","1,020.2","1,106.8","1,080.3","1,038.6","1,088.9","1,000.2","1,046","1,053.3",670.7,597,631.6,603.8,610.9,635.4,576.8,651.9,603.9,595.5,593,539.9,537.2,442.6,442.2,459.1,508.8,480,478.4,508.4,517.3,Upgrade
Gross Profit,-26.5,10.8,-26.1,-44.2,-57.9,-107.2,-67.1,-30.4,178.8,249.4,199.3,210.7,122.2,203.4,205.2,186.5,236.1,48.7,142.2,71.2,96,65.7,86.5,73.5,16,65.9,-11.2,23.3,15.8,24,75.5,72,56.6,117.5,80.7,33.7,74.6,107.6,127.3,71.6,Upgrade
Other Operating Expenses,0,0,0,0,0,0,0,0,0,0,0,0,0,0,0,0,0,0,0,0,0,0,0,0,0,0,0,0,0,0,0,11.1,0,0,54.6,0,0,0,0,0,Upgrade
Operating Expenses,0,0,0,0,0,0,0,0,0,0,0,0,0,0,0,0,0,0,0,0,0,0,0,0,0,0,0,0,0,0,0,11.1,0,0,54.6,0,0,0,0,0,Upgrade
Operating Income,-26.5,10.8,-26.1,-44.2,-57.9,-107.2,-67.1,-30.4,178.8,249.4,199.3,210.7,122.2,203.4,205.2,186.5,236.1,48.7,142.2,71.2,96,65.7,86.5,73.5,16,65.9,-11.2,23.3,15.8,24,75.5,60.9,56.6,117.5,26.1,33.7,74.6,107.6,127.3,71.6,Upgrade
Interest Expense / Income,77.4,86.5,63.5,53.5,54.1,40.2,62.7,59.3,57.2,128.8,47.2,51,44.5,46.5,37.9,38,41.4,42.6,61.7,25.7,29,21.5,18.2,21.4,19.5,25.3,22,20.7,22.3,25.6,25.7,26.6,29.7,24.4,22.1,22.5,22.7,26.2,25.3,25.2,Upgrade
Other Expense / Income,-,-,-,-,3.7,-,-,-,-,-,-,-,-,-,5.8,-,-,-1.5,0.1,-0.1,-0.2,-1,0.1,-,-0.1,-2.1,-2,0.1,-0.1,-3.3,0.1,-2.3,9.1,-2.1,0.1,-,0.1,-0.4,-1.5,-1.5,Upgrade
Pretax Income,-103.9,-75.7,-89.6,-97.7,-115.7,-147.4,-129.8,-89.7,121.6,120.6,152.1,159.7,77.7,156.9,161.5,148.5,194.7,7.6,80.4,45.6,67.2,45.2,68.2,52.1,-3.4,42.7,-31.2,2.5,-6.4,1.7,49.7,36.6,17.8,95.2,3.9,11.2,51.8,81.8,103.5,47.9,Upgrade
Income Tax,-23.8,-20.2,-13.4,-23,-29.4,-41.6,-54.5,-27.1,-1.6,23.1,29.8,33.6,13.7,32.2,32.5,26.4,39.4,1.1,-11.8,8,13.4,8.3,20.5,15.5,-3.1,11.5,-14.9,-1.5,-4.3,-2.9,11.8,6.9,4.3,29.8,-0.8,1.9,16.7,26.6,33.4,13.9,Upgrade
Net Income,-80.1,-55.5,-76.2,-74.7,-86.3,-105.8,-75.3,-62.6,123.2,97.5,122.3,126.1,64,124.7,129,122.1,155.3,6.5,92.2,37.6,53.8,36.9,47.7,36.6,-0.3,31.2,-16.3,4,-2.1,4.6,37.9,29.7,13.5,65.4,4.7,9.3,35.1,55.2,70.1,34,Upgrade
Net Income Growth,-,-,-,-,-,-,-,-,92.50%,-21.81%,-5.19%,3.28%,-58.79%,1818.46%,39.91%,224.73%,188.66%,-82.38%,93.29%,2.73%,-,18.27%,-,815.00%,-,578.26%,-,-86.53%,-,-92.97%,706.38%,219.35%,-61.54%,18.48%,-93.30%,-72.65%,-39.90%,2805.26%,26.08%,1378.26%,Upgrade
Shares Outstanding (Basic),64,64,64,64,64,64,64,65,65,65,65,65,67,67,67,65,65,65,65,52,51,51,51,51,51,51,51,51,51,51,52,52,52,53,53,55,56,56,57,58,Upgrade
Shares Change,0.43%,0.36%,0.35%,-1.19%,-2.70%,-2.68%,-2.61%,-1.05%,-1.82%,-1.86%,-1.93%,0.49%,2.95%,2.93%,2.90%,25.99%,25.83%,25.84%,26.18%,0.48%,0.33%,0.52%,0.35%,0.31%,-0.06%,-0.13%,-1.29%,-1.34%,-1.06%,-2.68%,-1.65%,-6.35%,-6.55%,-5.42%,-7.45%,-4.66%,-5.21%,-4.58%,-2.98%,-2.82%,Upgrade
EPS (Basic),-1.25,-0.87,-1.19,-1.17,-1.36,-1.64,-1.18,-0.97,1.88,1.49,1.87,1.93,0.96,1.87,1.93,1.87,2.38,-0.01,1.42,0.73,1.03,0.71,0.92,0.71,-0.01,0.60,-0.32,0.08,-0.04,0.09,0.73,0.57,0.26,1.22,0.09,0.17,0.63,0.99,1.24,0.59,Upgrade
EPS (Diluted),-1.25,-0.87,-1.19,-1.17,-1.36,-1.64,-1.18,-0.97,1.85,1.47,1.83,1.91,0.95,1.86,1.91,1.84,2.35,-0.01,1.40,0.73,1.02,0.71,0.92,0.71,-0.01,0.60,-0.32,0.08,-0.04,0.09,0.73,0.57,0.26,1.22,0.09,0.17,0.63,0.99,1.23,0.59,Upgrade
EPS Growth,-,-,-,-,-,-,-,-,94.74%,-20.97%,-4.19%,3.80%,-59.57%,-,36.43%,152.05%,130.39%,-,52.17%,2.82%,-,18.33%,-,787.50%,-,566.67%,-,-85.96%,-,-92.62%,711.11%,235.29%,-58.73%,23.23%,-92.68%,-71.19%,-37.00%,2375.00%,29.47%,1375.00%,Upgrade
Free Cash Flow Per Share,-0.08,-0.69,-1.31,-1.29,-0.54,0.46,0.83,1.27,2.00,2.90,-0.30,2.85,0.66,2.06,1.60,1.94,1.23,2.81,2.04,1.65,1.42,0.80,1.40,1.31,0.98,1.02,1.10,0.85,1.49,1.06,1.67,0.99,0.55,0.65,0.50,0.63,0.67,0.52,1.98,-0.11,Upgrade
Dividend Per Share,0.310,0.310,0.310,0.310,0.310,0.310,0.310,0.310,0.310,0.300,0.300,0.300,0.300,0.280,0.250,0.250,0.250,0.240,0.240,0.240,0.240,0.240,0.240,0.240,0.240,0.240,0.240,0.240,0.240,0.240,0.240,0.240,0.240,0.240,0.240,0.240,0.240,0.240,0.240,0.240,Upgrade
Dividend Growth,0%,0%,0%,0%,0%,3.33%,3.33%,3.33%,3.33%,7.14%,20.00%,20.00%,20.00%,16.67%,4.17%,4.17%,4.17%,0%,0%,0%,0%,0%,0%,0%,0%,0%,0%,0%,0%,0%,0%,0%,0%,0%,0%,0%,0%,0%,0%,0%,Upgrade
Gross Margin,-2.05%,0.78%,-1.89%,-3.08%,-4.23%,-7.25%,-4.61%,-2.02%,13.22%,17.92%,14.72%,17.12%,9.94%,15.84%,16.50%,14.62%,19.10%,4.45%,11.89%,9.60%,13.85%,9.42%,12.53%,10.74%,2.46%,10.25%,-1.75%,3.71%,2.58%,3.89%,12.27%,11.82%,11.34%,20.99%,14.95%,6.21%,13.45%,18.36%,20.03%,12.16%,Upgrade
Operating Margin,-2.05%,0.78%,-1.89%,-3.08%,-4.23%,-7.25%,-4.61%,-2.02%,13.22%,17.92%,14.72%,17.12%,9.94%,15.84%,16.50%,14.62%,19.10%,4.45%,11.89%,9.60%,13.85%,9.42%,12.53%,10.74%,2.46%,10.25%,-1.75%,3.71%,2.58%,3.89%,12.27%,10.00%,11.34%,20.99%,4.84%,6.21%,13.45%,18.36%,20.03%,12.16%,Upgrade
Profit Margin,-6.19%,-4.03%,-5.53%,-5.21%,-6.30%,-7.16%,-5.17%,-4.15%,9.11%,7.00%,9.03%,10.24%,5.21%,9.71%,10.37%,9.57%,12.56%,0.59%,7.71%,5.07%,7.76%,5.29%,6.91%,5.35%,-0.05%,4.85%,-2.54%,0.64%,-0.34%,0.75%,6.16%,4.88%,2.70%,11.68%,0.87%,1.71%,6.33%,9.42%,11.03%,5.77%,Upgrade
Free Cash Flow Margin,-0.39%,-3.20%,-6.06%,-5.75%,-2.50%,2.00%,3.65%,5.44%,9.70%,13.61%,-1.46%,15.09%,3.58%,10.70%,8.55%,9.87%,6.41%,16.63%,11.06%,11.44%,10.58%,5.87%,10.39%,9.82%,7.75%,8.09%,8.79%,6.95%,12.48%,8.82%,14.07%,8.45%,5.69%,6.07%,4.85%,6.45%,6.71%,4.93%,17.74%,-1.09%,Upgrade
Effective Tax Rate,-,-,-,-,-,-,-,-,-1.32%,19.15%,19.59%,21.04%,17.63%,20.52%,20.12%,17.78%,20.24%,14.47%,-14.68%,17.54%,19.94%,18.36%,30.06%,29.75%,-,26.93%,-,-60.00%,-,-170.59%,23.74%,18.85%,24.16%,31.30%,-20.51%,16.96%,32.24%,32.52%,32.27%,29.02%,Upgrade
EBITDA,-14.6,22.4,-13.7,-31.1,-48.2,-93.7,-56.5,-19.3,189.9,259,209.1,219.5,130.2,214.5,206.3,198.2,239.2,53.6,146.1,74.5,101.2,70,90,76.5,19.3,71.1,-5.9,26.4,19.9,30.8,78.9,66.5,50.7,122.6,30.2,38.2,78.8,112.7,132.9,77.5,Upgrade
EBITDA Margin,-1.13%,1.63%,-0.99%,-2.17%,-3.52%,-6.34%,-3.88%,-1.28%,14.05%,18.60%,15.45%,17.83%,10.59%,16.71%,16.59%,15.54%,19.35%,4.90%,12.22%,10.04%,14.60%,10.04%,13.04%,11.18%,2.96%,11.06%,-0.92%,4.21%,3.26%,4.99%,12.82%,10.92%,10.16%,21.90%,5.59%,7.04%,14.21%,19.23%,20.91%,13.16%,Upgrade
Depreciation & Amortization,11.9,11.6,12.4,13.1,13.4,13.5,10.6,11.1,11.1,9.6,9.8,8.8,8,11.1,6.9,11.7,3.1,3.4,4,3.2,5,3.3,3.6,3,3.2,3.1,3.3,3.2,4,3.5,3.5,3.3,3.2,3,4.2,4.5,4.3,4.7,4.1,4.4,Upgrade
EBIT,-26.5,10.8,-26.1,-44.2,-61.6,-107.2,-67.1,-30.4,178.8,249.4,199.3,210.7,122.2,203.4,199.4,186.5,236.1,50.2,142.1,71.3,96.2,66.7,86.4,73.5,16.1,68,-9.2,23.2,15.9,27.3,75.4,63.2,47.5,119.6,26,33.7,74.5,108,128.8,73.1,Upgrade
EBIT Margin,-2.05%,0.78%,-1.89%,-3.08%,-4.50%,-7.25%,-4.61%,-2.02%,13.22%,17.92%,14.72%,17.12%,9.94%,15.84%,16.03%,14.62%,19.10%,4.59%,11.89%,9.61%,13.88%,9.57%,12.52%,10.74%,2.47%,10.58%,-1.44%,3.70%,2.60%,4.42%,12.25%,10.37%,9.52%,21.37%,4.82%,6.21%,13.43%,18.43%,20.26%,12.41%,Upgrade
