Metrics,2023-03-31,2022-12-31,2022-09-30,2022-06-30,2022-03-31,2021-12-31,2021-09-30,2021-06-30,2021-03-31,2020-12-31,2020-09-30,2020-06-30,2020-03-31,2019-12-31,2019-09-30,2019-06-30,2019-03-31,2018-12-31,2018-09-30,2018-06-30,2018-03-31,2017-12-31,2017-09-30,2017-06-30,2017-03-31,2016-12-31,2016-09-30,2016-06-30,2016-03-31,2015-12-31,2015-09-30,2015-06-30,2014-12-31
Revenue,256.94,242.96,216.96,178.96,180.32,183.6,164.88,153.01,138.28,139.33,122.5,117.71,80.35,92.8,78.33,72.57,72.19,56.9,60.14,54.95,50.13,50.74,47.84,45.51,42.69,40.35,34.87,33.68,32.72,24.38,19.84,18.59,-
Revenue Growth (YoY),42.49%,32.33%,31.58%,16.96%,30.40%,31.77%,34.60%,29.99%,72.11%,50.14%,56.40%,62.19%,11.31%,63.09%,30.25%,32.08%,44.01%,12.14%,25.71%,20.74%,17.43%,25.75%,37.20%,35.13%,30.47%,65.50%,75.79%,81.13%,-,-,-,-,-
Cost of Revenue,139.03,113.58,134.79,107.04,102.51,87.69,87.35,79.12,70.26,69.33,82.43,58.3,53.73,51.44,44.81,39.58,33.73,37.09,32.09,29.97,28.9,28.15,31.57,21.86,22.11,19.44,15.95,17.46,18.12,14.59,10.37,8.06,-
Gross Profit,117.91,129.38,82.17,71.92,77.81,95.91,77.53,73.9,68.02,70,40.07,59.4,26.61,41.36,33.52,32.99,38.45,19.81,28.05,24.98,21.23,22.6,16.27,23.65,20.58,20.92,18.92,16.22,14.6,9.79,9.47,10.53,-
"Selling, General & Admin",46.55,43.06,40.15,38.97,38.55,35.41,31.47,29.89,28.14,26.83,22.93,22.96,21.58,19.84,18.32,16.44,15.62,14.66,13.85,12.52,12.4,11.37,10.99,10.49,11.29,9.52,6.3,6.48,6.25,2.4,0.05,0.03,-
Other Operating Expenses,0.4,0.2,0.21,0.5,0.14,0.19,0.15,0.4,0.45,0.19,1.02,0,0,0,0,0.02,0.04,0.05,0.11,0,0.01,0,0.03,0.4,0,1.1,0.52,0.49,0.46,0.51,0.47,0.52,0
Operating Expenses,46.95,43.26,40.36,39.48,38.69,35.6,31.61,30.29,28.58,27.01,23.95,22.96,21.58,19.84,18.32,16.46,15.65,14.71,13.96,12.52,12.41,11.37,11.02,10.89,11.29,10.62,6.83,6.97,6.71,2.91,0.51,0.55,-
Operating Income,70.96,86.13,41.82,32.44,39.13,60.32,45.92,43.61,39.44,42.99,16.12,36.44,5.03,21.52,15.19,16.54,22.8,5.11,14.1,12.46,8.82,11.23,5.26,12.76,9.29,10.3,12.09,9.25,7.89,6.88,8.95,9.98,-
Interest Expense / Income,2.57,1.98,1.72,0,0.25,0.24,0.24,0,0,0.17,0,0,0,0,0,0,0,0,0,0,0,0,0,0,0,0,0,0,0,0,0,0,-
Pretax Income,68.39,84.15,40.1,32.44,38.87,60.08,45.68,43.61,39.44,42.82,16.12,36.44,5.03,21.52,15.19,16.54,22.8,5.11,14.1,12.46,8.82,11.23,5.26,12.76,9.29,10.3,12.09,9.25,7.89,6.88,8.95,9.98,-
Income Tax,12.59,16.9,7.12,5.35,7.08,11.76,9.05,7.97,7.36,4.64,1.23,6.18,-0.06,3.67,2.22,2.77,4.08,0.66,2.16,2.35,1.53,5.3,1.05,4.26,3.01,3.43,4.11,3.2,2.63,2.28,3.01,3.37,-
Net Income,55.8,67.25,32.98,27.09,31.79,48.32,36.63,35.64,32.08,38.18,14.89,30.26,5.09,17.85,12.98,13.77,18.72,4.45,11.94,10.11,7.29,5.92,4.2,8.5,6.28,6.87,7.98,6.06,5.26,4.6,5.94,6.61,-
Net Income Growth,75.52%,39.17%,-9.94%,-23.98%,-0.90%,26.56%,145.97%,17.75%,530.73%,113.86%,14.75%,119.82%,-72.83%,301.37%,8.68%,36.15%,156.90%,-24.92%,184.22%,19.03%,16.02%,-13.78%,-47.37%,40.25%,19.48%,49.24%,34.29%,-8.35%,-,-,-,-,-
Shares Outstanding (Basic),23,23,23,23,23,23,23,23,23,23,22,22,22,22,22,21,21,21,21,21,21,21,21,21,21,37,36,14,14,14,14,15,14
Shares Outstanding (Diluted),23,23,23,23,23,23,23,23,23,23,23,23,23,23,22,22,22,22,22,22,22,22,22,21,21,38,37,14,14,14,14,15,-
Shares Change,0.85%,0.55%,0.22%,0.21%,0.10%,-0.03%,0.59%,1.53%,1.72%,1.92%,2.92%,4.01%,4.20%,4.24%,2.56%,0.77%,0.62%,0.55%,0.93%,0.97%,1.12%,-42.46%,-41.31%,55.45%,54.96%,172.20%,165.81%,-8.98%,0.12%,-,-,-,-
EPS (Basic),2.43,2.94,1.45,1.19,1.40,2.13,1.61,1.57,1.42,1.70,0.66,1.37,0.23,0.81,0.60,0.65,0.88,0.21,0.57,0.48,0.35,0.29,0.20,0.41,0.30,0.33,0.24,-,-,-,-,0.44,-
EPS (Diluted),2.40,2.90,1.43,1.17,1.38,2.09,1.59,1.55,1.39,1.66,0.65,1.33,0.22,0.79,0.58,0.63,0.86,0.21,0.55,0.47,0.34,0.28,0.20,0.40,0.29,0.32,0.24,-,-,-,-,0.44,-
EPS Growth,73.91%,38.76%,-10.06%,-24.52%,-0.72%,25.90%,144.62%,16.54%,531.82%,110.13%,12.07%,111.11%,-74.42%,276.19%,5.45%,34.04%,152.94%,-25.00%,175.00%,17.50%,17.24%,-12.50%,-16.67%,-,-,-,-,-,-,-,-,-,-
Free Cash Flow Per Share,8.47,4.32,7.68,6.82,5.33,4.58,4.63,4.50,3.97,3.09,2.90,2.80,2.51,2.36,1.91,1.67,1.41,1.18,1.32,1.36,1.01,0.61,1.13,1.21,0.73,0.46,0.55,1.46,1.16,1.47,1.73,-,-
Dividend Per Share,0.140,0.130,0.130,0.130,0.130,0.110,0.110,0.110,0.110,0.090,0.090,0.090,0.090,0.080,0.080,0.080,0.080,0.070,0.070,0.070,0.070,0.060,0.060,0.060,0.060,0.050,0.050,-,-,-,-,-,-
Dividend Growth,7.69%,18.18%,18.18%,18.18%,18.18%,22.22%,22.22%,22.22%,22.22%,12.50%,12.50%,12.50%,12.50%,14.29%,14.29%,14.29%,14.29%,16.67%,16.67%,16.67%,16.67%,20.00%,20.00%,-,-,-,-,-,-,-,-,-,-
Gross Margin,45.89%,53.25%,37.87%,40.19%,43.15%,52.24%,47.02%,48.29%,49.19%,50.24%,32.71%,50.47%,33.12%,44.57%,42.79%,45.46%,53.27%,34.82%,46.65%,45.46%,42.35%,44.53%,34.01%,51.97%,48.21%,51.84%,54.26%,48.16%,44.61%,40.16%,47.72%,56.64%,-
Operating Margin,27.62%,35.45%,19.27%,18.13%,21.70%,32.85%,27.85%,28.50%,28.52%,30.85%,13.16%,30.96%,6.26%,23.19%,19.40%,22.78%,31.59%,8.98%,23.44%,22.68%,17.59%,22.12%,10.98%,28.03%,21.75%,25.52%,34.69%,27.48%,24.11%,28.22%,45.13%,53.70%,-
Profit Margin,21.72%,27.68%,15.20%,15.14%,17.63%,26.32%,22.21%,23.29%,23.20%,27.40%,12.16%,25.71%,6.33%,19.24%,16.57%,18.97%,25.93%,7.82%,19.85%,18.40%,14.54%,11.67%,8.78%,18.67%,14.71%,17.03%,22.89%,17.99%,16.07%,18.88%,29.97%,35.55%,-
Free Cash Flow Margin,75.87%,40.73%,80.81%,86.84%,67.23%,56.65%,63.75%,66.64%,65.11%,50.10%,52.98%,52.72%,68.97%,56.08%,52.86%,48.80%,41.39%,43.80%,46.26%,52.09%,42.58%,25.18%,49.59%,55.60%,36.11%,42.00%,57.31%,59.97%,49.05%,83.01%,119.99%,-,-
Effective Tax Rate,18.41%,20.08%,17.75%,16.50%,18.22%,19.57%,19.82%,18.28%,18.66%,10.83%,7.64%,16.96%,-1.11%,17.05%,14.59%,16.74%,17.90%,12.94%,15.29%,18.85%,17.33%,47.22%,20.06%,33.40%,32.36%,33.29%,34.00%,34.54%,33.36%,33.08%,33.60%,33.80%,-
EBITDA,70.96,88.85,41.82,32.44,39.13,62.63,45.92,43.61,39.44,44.56,16.12,36.44,5.03,22.2,15.19,16.54,22.8,5.74,14.1,12.46,8.82,11.74,5.26,12.76,9.29,10.94,12.09,9.25,7.89,7.52,8.95,-,-
EBITDA Margin,27.62%,36.57%,19.27%,18.13%,21.70%,34.11%,27.85%,28.50%,28.52%,31.98%,13.16%,30.96%,6.26%,23.93%,19.40%,22.78%,31.59%,10.09%,23.44%,22.68%,17.59%,23.14%,10.98%,28.03%,21.75%,27.10%,34.69%,27.48%,24.11%,30.85%,45.13%,-,-
Depreciation & Amortization,0,2.72,0,0,0,2.31,0,0,0,1.57,0,0,0,0.68,0,0,0,0.63,0,0,0,0.52,0,0,0,0.64,0,0,0,0.64,0,-,-
EBIT,70.96,86.13,41.82,32.44,39.13,60.32,45.92,43.61,39.44,42.99,16.12,36.44,5.03,21.52,15.19,16.54,22.8,5.11,14.1,12.46,8.82,11.23,5.26,12.76,9.29,10.3,12.09,9.25,7.89,6.88,8.95,9.98,-
EBIT Margin,27.62%,35.45%,19.27%,18.13%,21.70%,32.85%,27.85%,28.50%,28.52%,30.85%,13.16%,30.96%,6.26%,23.19%,19.40%,22.78%,31.59%,8.98%,23.44%,22.68%,17.59%,22.12%,10.98%,28.03%,21.75%,25.52%,34.69%,27.48%,24.11%,28.22%,45.13%,53.70%,-
