Metrics,2023-03-31,2022-12-31,2022-09-30,2022-06-30,2022-03-31,2021-12-31,2021-09-30,2021-06-30,2021-03-31,2020-12-31,2020-09-30,2020-06-30,2020-03-31,2019-12-31,2019-09-30,2019-06-30,2019-03-31,2018-12-31,2018-09-30,2018-06-30,2018-03-31,2017-12-31,2017-09-30,2017-06-30,2017-03-31,2016-12-31,2015-12-31
Revenue,36.02,39.6,45.24,45.33,47.59,48.16,49.55,43.91,41.53,37.71,36.7,28.57,27.61,32.98,34.08,31.61,33.17,32.85,32.11,30.68,29.99,27.8,32.14,34.42,27.42,-,-
Revenue Growth (YoY),-24.32%,-17.79%,-8.69%,3.25%,14.60%,27.71%,35.01%,53.69%,50.39%,14.36%,7.69%,-9.61%,-16.76%,0.39%,6.15%,3.03%,10.61%,18.17%,-0.11%,-10.86%,9.36%,-,-,-,-,-,-
Gross Profit,36.02,39.6,45.24,45.33,47.59,48.16,49.55,43.91,41.53,37.71,36.7,28.57,27.61,32.98,34.08,31.61,33.17,32.85,32.11,30.68,29.99,27.8,32.14,34.42,27.42,-,-
"Selling, General & Admin",13.46,15.6,12.31,9.8,12.86,12.59,12.12,11.01,12.86,12.45,13.87,12.77,14.19,13.39,12.78,12.03,13.52,14.67,12.57,11.87,11.92,10.52,11.05,11.75,12.46,-,-
Other Operating Expenses,3.48,4.22,3.07,3.53,2.65,2.63,2.51,2.87,2.54,2.46,2.51,2.58,2.67,1.96,3.29,2.68,2.73,3.29,2.52,3.05,2.8,2.7,2.74,3.09,2.24,0,0
Operating Expenses,16.93,19.81,15.38,13.33,15.51,15.23,14.64,13.88,15.4,14.91,16.37,15.35,16.86,15.34,16.07,14.71,16.25,17.96,15.09,14.92,14.71,13.22,13.78,14.84,14.7,-,-
Operating Income,19.08,19.78,29.87,32.01,32.08,32.94,34.91,30.03,26.12,22.8,20.33,13.22,10.75,17.64,18.01,16.9,16.92,14.89,17.02,15.75,15.28,14.58,18.36,19.58,12.72,-,-
Other Expense / Income,-,-,-,-,-,-,-,-,-,10.44,-,-,-,-,-,-,-,-,-,-,-,-,-,-,-,-,-
Pretax Income,19.08,19.78,29.87,32.01,32.08,32.94,34.91,30.03,26.12,12.36,20.33,13.22,10.75,17.64,18.01,16.9,16.92,14.89,17.02,15.75,15.28,14.58,18.36,19.58,12.72,-,-
Income Tax,5.64,6.09,8.87,9.44,9.14,9.55,10.17,8.81,7.71,3.66,6.01,3.9,3.18,5.18,5.27,5.24,4.91,4.28,4.89,4.53,4.18,-5.84,0.61,0.65,0.43,-,-
Net Income,13.44,13.69,21,22.57,22.94,23.38,24.74,21.22,18.41,8.7,14.32,9.32,7.58,12.46,12.74,11.66,12.01,10.6,12.13,11.23,11.1,20.42,17.75,18.92,12.3,-,-
Net Income Growth,-41.40%,-41.46%,-15.12%,6.37%,24.60%,168.74%,72.82%,127.69%,143.02%,-30.15%,12.41%,-20.07%,-36.92%,17.49%,5.00%,3.85%,8.18%,-48.08%,-31.66%,-40.67%,-9.70%,-,-,-,-,-,-
Shares Outstanding (Basic),51,51,51,51,52,52,52,52,52,52,52,53,56,56,56,56,57,57,57,56,56,43,53,42,42,42,42
Shares Outstanding (Diluted),-,-,-,-,-,-,-,-,-,-,-,-,-,-,-,-,-,-,-,57,57,-,-,42,42,-,-
Shares Change,-1.21%,-1.19%,-1.25%,-2.08%,-1.11%,-1.38%,-1.28%,-1.39%,-6.99%,-6.47%,-6.68%,-5.98%,-0.61%,-0.90%,-0.71%,-0.88%,-0.45%,31.75%,6.00%,35.29%,35.13%,2.18%,27.02%,-,-,-,-
EPS (Basic),0.26,0.27,0.41,0.44,0.45,0.45,0.48,0.41,0.35,0.17,0.28,0.18,0.14,0.22,0.23,0.21,0.21,0.19,0.22,0.20,0.20,0.45,0.42,0.45,0.29,-,-
EPS (Diluted),0.26,0.27,0.41,0.44,0.45,0.46,0.48,0.41,0.35,0.17,0.27,0.18,0.14,0.22,0.23,0.21,0.21,0.18,0.21,0.20,0.20,0.45,0.42,0.45,0.29,-,-
EPS Growth,-42.22%,-41.30%,-14.58%,7.32%,28.57%,170.59%,77.78%,127.78%,150.00%,-22.73%,17.39%,-14.29%,-33.33%,22.22%,9.52%,5.00%,5.00%,-60.00%,-50.00%,-55.56%,-31.03%,-,-,-,-,-,-
Free Cash Flow Per Share,0.30,0.07,0.64,0.26,0.67,0.41,0.79,0.37,0.48,0.23,0.32,0.38,0.26,0.39,0.36,0.28,0.30,0.20,0.43,0.22,0.17,0.57,0.38,0.51,0.27,-,-
Dividend Per Share,-,0.120,0.120,0.120,0.120,0.120,0.120,0.058,0.058,0.058,0.058,0.058,0.058,0.058,0.058,0.058,0.058,0.058,0.058,0.058,0.015,-,-,-,-,-,-
Dividend Growth,-,0%,0%,106.90%,106.90%,106.90%,106.90%,0%,0%,0%,0%,0%,0%,0%,0%,0%,286.67%,-,-,-,-,-,-,-,-,-,-
Gross Margin,100.00%,100.00%,100.00%,100.00%,100.00%,100.00%,100.00%,100.00%,100.00%,100.00%,100.00%,100.00%,100.00%,100.00%,100.00%,100.00%,100.00%,100.00%,100.00%,100.00%,100.00%,100.00%,100.00%,100.00%,100.00%,-,-
Operating Margin,52.98%,49.96%,66.01%,70.61%,67.41%,68.39%,70.46%,68.39%,62.91%,60.46%,55.38%,46.28%,38.95%,53.48%,52.85%,53.46%,51.02%,45.32%,53.00%,51.36%,50.94%,52.44%,57.12%,56.88%,46.38%,-,-
Profit Margin,37.32%,34.57%,46.42%,49.78%,48.20%,48.55%,49.94%,48.32%,44.33%,23.07%,39.01%,32.62%,27.44%,37.78%,37.37%,36.89%,36.21%,32.28%,37.78%,36.60%,37.02%,73.46%,55.22%,54.98%,44.83%,-,-
Free Cash Flow Margin,42.86%,9.00%,72.06%,29.82%,72.95%,43.52%,82.57%,43.56%,60.90%,31.63%,46.14%,69.63%,53.74%,66.93%,60.02%,50.22%,51.56%,34.79%,75.39%,39.96%,31.98%,88.77%,62.43%,62.12%,40.99%,-,-
Effective Tax Rate,29.56%,30.80%,29.68%,29.50%,28.49%,29.00%,29.13%,29.35%,29.52%,29.60%,29.56%,29.52%,29.55%,29.36%,29.28%,31.01%,29.03%,28.77%,28.72%,28.74%,27.33%,-40.09%,3.33%,3.34%,3.34%,-,-
EBITDA,19.73,20.58,30.67,32.76,32.68,33.54,35.54,30.71,26.78,13.02,21,13.91,11.42,18.25,18.68,17.56,17.59,15.59,17.72,16.45,15.99,15.3,19.08,20.3,13.46,-,-
EBITDA Margin,54.78%,51.96%,67.80%,72.25%,68.67%,69.64%,71.72%,69.93%,64.48%,34.51%,57.22%,48.68%,41.37%,55.35%,54.82%,55.56%,53.02%,47.46%,55.18%,53.62%,53.32%,55.04%,59.35%,58.99%,49.06%,-,-
Depreciation & Amortization,0.65,0.79,0.81,0.75,0.6,0.6,0.63,0.68,0.66,0.66,0.67,0.69,0.67,0.62,0.67,0.66,0.67,0.71,0.7,0.69,0.71,0.72,0.72,0.73,0.74,-,-
EBIT,19.08,19.78,29.87,32.01,32.08,32.94,34.91,30.03,26.12,12.36,20.33,13.22,10.75,17.64,18.01,16.9,16.92,14.89,17.02,15.75,15.28,14.58,18.36,19.58,12.72,-,-
EBIT Margin,52.98%,49.96%,66.01%,70.61%,67.41%,68.39%,70.46%,68.39%,62.91%,32.77%,55.38%,46.28%,38.95%,53.48%,52.85%,53.46%,51.02%,45.32%,53.00%,51.36%,50.94%,52.44%,57.12%,56.88%,46.38%,-,-
