Metrics,2023-03-31,2022-12-31,2022-09-30,2022-06-30,2022-03-31,2021-12-31,2021-09-30,2021-06-30,2021-03-31,2020-12-31,2020-09-30,2020-06-30,2020-03-31,2019-12-31,2019-09-30,2019-06-30,2019-03-31,2018-12-31,2018-09-30,2018-06-30,2018-03-31,2017-12-31,2017-09-30,2017-06-30,2017-03-31,2016-12-31,2016-09-30,2016-06-30,2016-03-31,2015-12-31,2015-09-30,2015-06-30,2015-03-31,2014-12-31,2014-09-30
Revenue,2.31,1.12,0.19,0.23,0.19,0.33,0.22,0.33,0.18,0.33,0.25,0.34,0.34,0.51,0.55,0.66,0.66,0.77,0.78,0.88,0.96,1.35,1.04,0.98,1.02,0.88,1.01,1.44,1.58,1.75,1.61,2.02,1.59,1.67,1.98
Revenue Growth (YoY),1111.24%,238.04%,-16.03%,-28.58%,8.15%,1.26%,-11.43%,-4.13%,-48.24%,-35.85%,-54.32%,-47.99%,-48.61%,-33.40%,-29.28%,-24.98%,-31.11%,-43.15%,-25.03%,-10.19%,-5.88%,53.02%,3.52%,-31.89%,-35.06%,-49.63%,-37.38%,-28.81%,-0.69%,4.91%,-18.83%,-,-,-,-
Cost of Revenue,1.67,0.99,0.04,0,0,0,0,0,0,0,0,0,0,0,0,0,0,0,0,0,0,0,0,0,0,0,0,0,0,0,0,0,0,0,0
Gross Profit,0.65,0.13,0.15,0.23,0.19,0.33,0.22,0.33,0.18,0.33,0.25,0.34,0.34,0.51,0.55,0.66,0.66,0.77,0.78,0.88,0.96,1.35,1.04,0.98,1.02,0.88,1.01,1.44,1.58,1.75,1.61,2.02,1.59,1.67,1.98
"Selling, General & Admin",0.27,-0.05,0.36,0.29,0.15,0.15,0.14,0.13,0.13,0.16,0.15,0.1,0.17,0.21,0.19,0.2,0.3,0.27,0.25,0.25,0.2,0.32,0.33,0.35,0.62,0.03,0.62,0.52,0.48,0.04,0.38,0.44,0.43,1.01,0
Other Operating Expenses,2.34,9.22,5.06,5.32,5.07,4.21,2.28,0.51,1.78,0.47,2.85,0.68,0.73,2.14,0.72,0.93,0.69,1.24,0.74,0.08,0.78,2.91,1.16,1.26,0.91,1.51,1.69,1.53,1.61,1.38,0.66,0.44,0.56,-0.14,0.95
Operating Expenses,2.62,9.17,5.41,5.61,5.22,4.37,2.42,0.64,1.9,0.63,3.01,0.77,0.9,2.34,0.91,1.13,0.99,1.51,0.99,0.33,0.97,3.23,1.49,1.61,1.53,1.53,2.31,2.05,2.09,1.42,1.04,0.88,0.99,0.87,0.95
Operating Income,-1.97,-9.05,-5.26,-5.37,-5.03,-4.04,-2.19,-0.31,-1.73,-0.31,-2.75,-0.43,-0.56,-1.83,-0.36,-0.47,-0.32,-0.74,-0.21,0.55,-0.01,-1.88,-0.45,-0.63,-0.51,-0.65,-1.3,-0.61,-0.51,0.33,0.57,1.14,0.6,0.8,1.03
Interest Expense / Income,0,0,0,0,0,0,0,0,0,-0,-0,0.01,0.01,0.03,0.02,0.05,0,-0.01,0.38,0.09,0,0.24,0.12,0.13,0.13,0.13,0.14,0.16,0.16,0.35,0.16,0.21,0.19,0.22,0.24
Other Expense / Income,3.42,10.52,0.09,-8.22,0.7,0.91,3.27,-11.43,-6.11,-0,-,-,-0.02,-0.04,-0.1,-0.07,0.13,-0.41,-,-,-,0.6,-,0.51,-,-,-,-,-,0.15,0.41,0.93,0.4,2.42,0.04
Pretax Income,-5.39,-19.57,-5.35,2.84,-5.73,-4.94,-5.47,11.12,4.38,-0.3,-2.75,-0.44,-0.55,-1.82,-0.28,-0.45,-0.46,-0.33,-0.59,0.46,-0.01,-2.73,-0.57,-1.26,-0.64,-0.78,-1.45,-0.77,-0.68,-0.17,0,0,0,-1.85,0.75
Income Tax,0,0.13,1.31,0,0,0.3,0.01,0.01,0,0,0,0,0,0,0,0,0,0,0,0,0,0,4.13,-0.47,-0.23,-0.26,-0.53,-0.27,-0.24,-0.15,0,0,0,0,0
Net Income,-5.39,-19.69,-6.66,2.84,-5.73,-5.24,-5.49,11.11,4.38,-0.3,-2.75,-0.44,-0.55,-1.82,-0.28,-0.45,-0.46,-0.33,-0.59,0.46,-0.01,-2.73,-4.7,-0.79,-0.4,-0.52,-0.91,-0.5,-0.44,-0.02,0,0,0,-1.85,0.75
Net Income Growth,-,-,-,-74.39%,-,-,-,-,-,-,-,-,-,-,-,-,-,-,-,-,-,-,-,-,-,-,-,-,-,-,-,-,-,-,-
Shares Outstanding (Basic),13,13,13,13,13,7,5,5,5,2,2,1,1,1,1,1,1,0,0,0,0,0,0,0,0,0,0,0,0,0,0,0,0,0,-
Shares Outstanding (Diluted),13,13,13,13,13,8,5,5,5,2,2,1,1,1,1,1,1,0,0,0,0,0,0,0,0,0,0,0,0,-,-,-,-,-,-
Shares Change,0.24%,65.15%,141.48%,141.41%,140.11%,388.46%,176.88%,592.59%,741.22%,158.90%,212.38%,24.91%,3.23%,214.46%,401.21%,401.22%,400.85%,181.56%,89.49%,89.49%,89.49%,7.27%,-,-,-,-,-,-,-,-,-,-,-,-,-
EPS (Basic),-0.41,-1.50,-0.51,0.22,-0.44,-1.19,-1.01,2.05,0.87,0.81,-1.41,-0.56,-0.85,-2.90,-0.45,-0.70,-0.75,-1.25,-4.70,3.65,-0.05,-39.00,-71.25,-12.00,-6.00,-8.00,-14.00,-7.50,-6.50,-0.50,-,-,-,-,-
EPS (Diluted),-0.41,-1.50,-0.51,0.22,-0.44,-1.28,-1.01,2.05,0.80,0.81,-1.41,-0.56,-0.85,-2.90,-0.45,-0.70,-0.75,-1.25,-4.70,3.65,-0.05,-39.00,-71.25,-12.00,-6.00,-8.00,-14.00,-7.50,-6.50,-0.50,-,-,-,-,-
EPS Growth,-,-,-,-89.27%,-,-,-,-,-,-,-,-,-,-,-,-,-,-,-,-,-,-,-,-,-,-,-,-,-,-,-,-,-,-,-
Free Cash Flow Per Share,-0.17,-0.43,-0.34,-0.46,-0.58,-2.49,-0.60,0.37,0.98,-0.45,-1.21,-0.15,-0.50,-0.40,-0.41,-0.62,-0.43,-1.50,-3.65,1.07,-1.09,-1.36,-4.61,-9.46,-12.03,-14.70,-19.84,-12.25,-8.07,7.26,4.42,11.24,10.51,5.62,-
Gross Margin,27.92%,11.28%,79.25%,100.00%,100.00%,100.00%,100.00%,100.00%,100.00%,100.00%,100.00%,100.00%,100.00%,100.00%,100.00%,100.00%,100.00%,100.00%,100.00%,100.00%,100.00%,100.00%,100.00%,100.00%,100.00%,100.00%,100.00%,100.00%,100.00%,100.00%,100.00%,100.00%,100.00%,100.00%,100.00%
Operating Margin,-85.13%,-807.27%,-2802.96%,-2291.31%,-2633.57%,-1217.30%,-981.45%,-95.39%,-978.25%,-93.19%,-1090.79%,-126.19%,-164.31%,-359.25%,-65.15%,-71.16%,-48.37%,-97.07%,-26.80%,62.62%,-0.93%,-139.61%,-42.89%,-64.84%,-49.69%,-74.22%,-129.44%,-42.83%,-32.65%,19.06%,35.62%,56.44%,37.70%,47.75%,51.88%
Profit Margin,-232.82%,-1757.37%,-3548.22%,1212.77%,-2998.92%,-1580.17%,-2453.32%,3382.46%,2478.05%,-91.83%,-1089.87%,-127.86%,-161.52%,-356.17%,-50.60%,-68.40%,-68.84%,-43.28%,-75.09%,51.85%,-0.93%,-202.21%,-451.27%,-81.27%,-39.35%,-59.52%,-90.79%,-34.53%,-27.67%,-1.15%,-,-,-,-110.78%,37.66%
Free Cash Flow Margin,-98.54%,-503.08%,-2373.74%,-2583.45%,-4003.52%,-5128.95%,-1461.65%,609.79%,2814.68%,-221.70%,-934.69%,-34.34%,-94.11%,-49.54%,-46.61%,-59.10%,-40.65%,-38.94%,-58.46%,15.20%,-14.17%,-7.16%,-29.21%,-63.86%,-77.53%,-110.12%,-130.06%,-56.33%,-33.76%,27.40%,18.14%,36.80%,43.69%,22.27%,-
Effective Tax Rate,-,-,-,-,-,-,-,0.12%,0.08%,-,-,-,-,-,-,-,-,-,-,-,-,-,-,-,-,-,-,-,-,-,-,-,-,-,-
EBITDA,-4.56,-19.1,-5.29,2.87,-5.7,-4.93,-5.44,11.15,4.41,-0.27,-2.74,-0.4,-0.51,-1.76,-0.21,-0.38,-0.44,-0.33,-0.2,0.57,0.01,-2.46,-0.43,-1.11,-0.49,-0.65,-1.3,-0.61,-0.51,0.18,0.16,0.21,0.19,-1.62,-
EBITDA Margin,-197.16%,-1704.81%,-2816.27%,1223.76%,-2985.08%,-1485.67%,-2432.37%,3395.02%,2495.86%,-83.65%,-1083.71%,-116.83%,-150.44%,-343.95%,-38.86%,-57.62%,-65.80%,-42.51%,-25.40%,65.15%,1.37%,-182.14%,-41.08%,-113.45%,-48.18%,-74.22%,-129.44%,-42.83%,-32.65%,10.55%,10.16%,10.36%,12.21%,-97.31%,-
Depreciation & Amortization,0.83,0.46,0.06,0.03,0.03,0.02,0.03,0.03,0.03,0.03,0.02,0.03,0.03,0.04,0.04,0.02,0.02,0.01,0.01,0.02,0.02,0.03,0.02,0.03,0.02,0,0,0,0,0,0,0,0,0,-
EBIT,-5.39,-19.56,-5.35,2.84,-5.73,-4.94,-5.47,11.12,4.38,-0.3,-2.75,-0.43,-0.54,-1.79,-0.26,-0.4,-0.46,-0.34,-0.21,0.55,-0.01,-2.49,-0.45,-1.14,-0.51,-0.65,-1.3,-0.61,-0.51,0.18,0.16,0.21,0.19,-1.62,0.99
EBIT Margin,-232.82%,-1745.69%,-2849.71%,1212.77%,-2998.92%,-1490.79%,-2445.92%,3386.71%,2480.28%,-92.79%,-1090.79%,-126.19%,-159.50%,-351.09%,-46.41%,-60.39%,-68.68%,-44.22%,-26.80%,62.62%,-0.93%,-184.48%,-42.89%,-116.50%,-49.69%,-74.22%,-129.44%,-42.83%,-32.65%,10.55%,10.16%,10.36%,12.21%,-97.31%,49.81%
