Metrics,2023-03-31,2022-12-31,2022-09-30,2022-06-30,2022-03-31,2021-12-31,2021-09-30,2021-06-30,2021-03-31,2020-12-31,2020-09-30,2020-06-30,2020-03-31,2019-12-31,2019-09-30,2019-06-30,2019-03-31,2018-12-31,2018-09-30,2018-06-30,2018-03-31,2017-12-31,2017-09-30,2017-06-30,2017-03-31,2016-12-31,2016-09-30,2016-06-30,2016-03-31,2015-12-31,2015-09-30,2015-06-30,2015-03-31,2014-12-31,2014-09-30,2014-06-30,2014-03-31,2013-12-31,2013-09-30,2013-06-30,+8 Quarters
Revenue,108.65,87.34,73.77,70.28,66.04,72.57,76.09,75.98,82.16,81.91,90.05,75.89,67.72,69.49,70.85,69.91,66.68,63.47,67.03,67.08,65.44,42.52,43.57,44.82,41.62,44.5,43.38,38.8,35.34,49.93,38.73,39.74,37.55,36.2,41.99,42.92,41.22,45.18,48.42,49.94,Upgrade
Revenue Growth (YoY),64.54%,20.35%,-3.05%,-7.51%,-19.62%,-11.41%,-15.50%,0.12%,21.32%,17.88%,27.09%,8.56%,1.56%,9.48%,5.71%,4.23%,1.90%,49.27%,53.84%,49.64%,57.22%,-4.43%,0.44%,15.52%,17.77%,-10.88%,11.99%,-2.38%,-5.87%,37.91%,-7.77%,-7.41%,-8.92%,-19.88%,-13.26%,-14.05%,-19.65%,-19.19%,-7.42%,0.41%,Upgrade
Gross Profit,108.65,87.34,73.77,70.28,66.04,72.57,76.09,75.98,82.16,81.91,90.05,75.89,67.72,69.49,70.85,69.91,66.68,63.47,67.03,67.08,65.44,42.52,43.57,44.82,41.62,44.5,43.38,38.8,35.34,49.93,38.73,39.74,37.55,36.2,41.99,42.92,41.22,45.18,48.42,49.94,Upgrade
"Selling, General & Admin",49.27,59.46,48.25,40.05,39.6,40.18,45.14,41.1,43.6,43.46,49.17,47.15,43.65,41.51,44.21,41.39,38.86,37.19,39.48,40.39,47.04,29.67,27.71,28.52,28.48,28.2,28.84,28.46,29.2,33.04,31.43,32.02,31.36,31.89,31.67,32.07,32.06,32.67,34.44,34.51,Upgrade
Other Operating Expenses,9.02,8.21,5.68,5.5,4.48,4.32,6.17,5.24,6.06,4.96,6.15,6.61,5.02,4.6,-0.42,5.06,5.53,5.66,4.95,6.37,8.25,4.35,6.9,4.92,6.12,6.22,4.53,4.86,5.7,8.73,7.73,7.87,5.76,1.48,7.57,8.37,7.86,10.89,11.73,10.39,Upgrade
Operating Expenses,58.29,67.66,53.94,45.55,44.08,44.51,51.31,46.34,49.67,48.43,55.32,53.76,48.67,46.11,43.79,46.45,44.39,42.86,44.43,46.76,55.28,34.03,34.61,33.44,34.61,34.42,33.37,33.31,34.9,41.77,39.15,39.89,37.11,33.37,39.24,40.44,39.92,43.56,46.17,44.91,Upgrade
Operating Income,50.36,19.67,19.83,24.72,21.96,28.06,24.78,29.64,32.49,33.49,34.73,22.13,19.05,23.38,27.06,23.46,22.29,20.62,22.59,20.31,10.16,8.5,8.96,11.38,7.02,10.07,10.01,5.49,0.44,8.16,-0.42,-0.14,0.43,2.83,2.76,2.49,1.31,1.63,2.24,5.04,Upgrade
Other Expense / Income,-,-,-,-,-,-,-,-,-,-,-,-,-,-,-,-,-,-,-,-,-,-,-,-,-,-,-,-,-,0.46,-0.48,0.51,-0.39,-0.22,-1.26,-0.58,-0.9,0.68,0.44,0.32,Upgrade
Pretax Income,50.36,19.67,19.83,24.72,21.96,28.06,24.78,29.64,32.49,33.49,34.73,22.13,19.05,23.38,27.06,23.46,22.29,20.62,22.59,20.31,10.16,8.5,8.96,11.38,7.02,10.07,10.01,5.49,0.44,7.7,0.06,-0.65,0.82,3.05,4.01,3.07,2.21,0.94,1.8,4.71,Upgrade
Income Tax,10.08,2.95,3.99,4.36,3.6,5.3,4.95,5.44,5.68,6.32,6.83,4.43,3.23,3.86,5.42,3.18,3.37,3.38,4.35,2.8,1.7,18.62,1.73,2.18,-1.24,0.08,1.7,0.98,0.19,4.36,-1.58,0.69,-0.42,0.77,0.68,0.94,0.78,-0.06,0.86,1.81,Upgrade
Net Income,40.28,16.72,15.84,20.36,18.35,22.77,19.83,24.2,26.81,27.17,27.89,17.71,15.82,19.52,21.64,20.28,18.92,17.24,18.24,17.51,8.46,-10.12,7.23,9.21,8.26,9.99,8.31,4.5,0.25,3.34,1.64,-1.34,1.25,2.28,3.34,2.13,1.43,1,0.95,2.9,Upgrade
Net Income Growth,119.50%,-26.56%,-20.11%,-15.86%,-31.55%,-16.19%,-28.92%,36.68%,69.44%,39.19%,28.88%,-12.71%,-16.37%,13.25%,18.65%,15.82%,123.56%,-,152.25%,90.16%,2.49%,-,-13.03%,104.46%,3190.04%,199.13%,408.19%,-,-79.86%,46.56%,-50.97%,-,-12.93%,127.90%,252.38%,-26.54%,-31.27%,-66.70%,-,7.25%,Upgrade
Shares Outstanding (Basic),38,38,31,30,30,30,31,31,31,31,31,31,31,31,31,31,31,31,31,31,30,27,27,27,27,26,28,29,30,31,33,36,38,39,42,44,45,47,51,52,Upgrade
Shares Outstanding (Diluted),38,38,32,30,30,31,31,31,31,31,31,31,31,32,32,32,31,32,32,31,31,28,28,28,28,29,28,29,30,31,33,36,38,39,42,44,45,47,52,52,Upgrade
Shares Change,24.92%,24.15%,1.50%,-2.35%,-2.13%,-0.98%,0.45%,1.19%,-0.70%,-1.34%,-1.86%,-2.36%,-0.43%,-0.14%,-0.10%,0.69%,1.14%,12.98%,14.16%,13.73%,12.51%,-3.80%,-0.97%,-5.74%,-8.10%,-5.24%,-14.85%,-19.04%,-20.80%,-22.27%,-21.70%,-17.58%,-15.23%,-16.81%,-18.76%,-15.75%,-14.30%,-9.41%,-1.32%,-0.45%,Upgrade
EPS (Basic),1.06,0.42,0.51,0.67,0.61,0.75,0.64,0.78,0.87,0.88,0.91,0.57,0.51,0.62,0.69,0.65,0.61,0.56,0.59,0.57,0.28,-0.38,0.27,0.34,0.31,0.36,0.30,0.15,0.01,0.10,0.05,-0.04,0.03,0.06,0.08,0.05,0.03,0.03,0.02,0.06,Upgrade
EPS (Diluted),1.06,0.41,0.50,0.67,0.60,0.74,0.64,0.77,0.86,0.88,0.90,0.57,0.50,0.62,0.69,0.64,0.60,0.54,0.58,0.56,0.27,-0.36,0.26,0.33,0.30,0.34,0.30,0.15,0.01,0.10,0.05,-0.04,0.03,0.06,0.08,0.05,0.03,0.03,0.02,0.06,Upgrade
EPS Growth,76.67%,-44.59%,-21.88%,-12.99%,-30.23%,-15.91%,-28.89%,35.09%,72.00%,41.94%,30.43%,-10.94%,-16.67%,14.81%,18.97%,14.29%,122.22%,-,123.08%,69.70%,-10.00%,-,-13.33%,120.00%,2900.00%,240.00%,500.00%,-,-66.67%,66.67%,-37.50%,-,0%,100.00%,300.00%,-16.67%,-25.00%,-50.00%,-,20.00%,Upgrade
Free Cash Flow Per Share,-0.68,0.82,1.73,2.25,1.63,1.03,0.34,4.26,0.36,1.74,-1.54,-1.33,0.77,3.24,-1.99,-0.02,-0.17,1.59,1.70,-1.40,0.28,0.58,0.11,0.50,0.76,-1.21,0.01,0.79,0.17,-0.78,0.18,-0.27,-0.39,-0.45,0.38,0.29,-0.35,0.25,-0.34,-0.14,Upgrade
Dividend Per Share,0.250,0.250,0.230,0.230,0.230,0.220,0.220,0.220,0.210,0.200,0.200,0.200,0.200,0.200,0.190,0.190,0.170,0.170,0.140,0.140,0.090,0.090,0.090,0.090,0.070,0.070,0.050,0.050,0.050,0.050,0.050,0.050,0.050,0.050,0.050,0.050,0.100,0.050,0.050,0.050,Upgrade
Dividend Growth,8.70%,13.64%,4.55%,4.55%,9.52%,10.00%,10.00%,10.00%,5.00%,0%,5.26%,5.26%,17.65%,17.65%,35.71%,35.71%,88.89%,88.89%,55.56%,55.56%,28.57%,28.57%,80.00%,80.00%,40.00%,40.00%,0%,0%,0%,0%,0%,0%,-50.00%,0%,0%,0%,100.00%,0%,-,-,Upgrade
Gross Margin,100.00%,100.00%,100.00%,100.00%,100.00%,100.00%,100.00%,100.00%,100.00%,100.00%,100.00%,100.00%,100.00%,100.00%,100.00%,100.00%,100.00%,100.00%,100.00%,100.00%,100.00%,100.00%,100.00%,100.00%,100.00%,100.00%,100.00%,100.00%,100.00%,100.00%,100.00%,100.00%,100.00%,100.00%,100.00%,100.00%,100.00%,100.00%,100.00%,100.00%,Upgrade
Operating Margin,46.35%,22.53%,26.88%,35.18%,33.25%,38.67%,32.56%,39.01%,39.55%,40.88%,38.56%,29.16%,28.13%,33.65%,38.19%,33.56%,33.43%,32.48%,33.71%,30.28%,15.52%,19.98%,20.57%,25.40%,16.86%,22.64%,23.07%,14.14%,1.24%,16.34%,-1.08%,-0.35%,1.15%,7.83%,6.57%,5.80%,3.17%,3.60%,4.63%,10.08%,Upgrade
Profit Margin,37.07%,19.15%,21.47%,28.97%,27.79%,31.38%,26.05%,31.85%,32.64%,33.17%,30.98%,23.33%,23.37%,28.09%,30.54%,29.01%,28.38%,27.15%,27.21%,26.11%,12.93%,-23.80%,16.60%,20.55%,19.84%,22.45%,19.17%,11.61%,0.71%,6.69%,4.22%,-3.37%,3.32%,6.30%,7.95%,4.96%,3.47%,2.21%,1.96%,5.80%,Upgrade
Free Cash Flow Margin,-23.47%,35.52%,73.18%,96.78%,74.47%,43.01%,13.60%,173.56%,13.65%,65.54%,-52.65%,-53.92%,35.56%,145.90%,-87.92%,-1.06%,-7.96%,77.61%,78.06%,-63.94%,13.15%,36.61%,6.67%,30.31%,49.16%,-71.38%,0.57%,59.59%,14.56%,-47.79%,15.59%,-24.96%,-39.86%,-48.57%,38.21%,29.69%,-37.71%,26.55%,-35.91%,-14.24%,Upgrade
Effective Tax Rate,20.01%,15.01%,20.14%,17.64%,16.41%,18.87%,19.99%,18.36%,17.47%,18.87%,19.68%,20.01%,16.93%,16.52%,20.03%,13.55%,15.11%,16.40%,19.27%,13.78%,16.68%,219.10%,19.33%,19.11%,-17.67%,0.80%,16.93%,17.90%,42.95%,56.60%,-2821.43%,-,-51.40%,25.35%,16.85%,30.63%,35.13%,-5.93%,47.48%,38.48%,Upgrade
EBITDA,55.48,25.41,23.66,28.19,25.38,30.11,28.62,33.25,36.57,36.13,38.93,26.14,22.65,27.31,30.8,28.31,24.82,23.23,25.46,23.37,13.14,11.52,12.2,14.67,10.36,13.41,13.48,9.06,4.26,11.58,3.92,3.23,4.7,6.84,7.79,7.26,6.39,5.08,5.82,8.58,Upgrade
EBITDA Margin,51.06%,29.09%,32.07%,40.11%,38.43%,41.50%,37.61%,43.76%,44.51%,44.11%,43.23%,34.44%,33.44%,39.30%,43.47%,40.49%,37.21%,36.60%,37.99%,34.84%,20.08%,27.10%,27.99%,32.74%,24.89%,30.14%,31.07%,23.35%,12.05%,23.20%,10.11%,8.12%,12.51%,18.89%,18.55%,16.91%,15.49%,11.24%,12.02%,17.18%,Upgrade
Depreciation & Amortization,5.12,5.74,3.83,3.47,3.42,2.05,3.84,3.61,4.08,2.65,4.2,4,3.6,3.93,3.74,4.85,2.53,2.61,2.87,3.06,2.98,3.03,3.23,3.29,3.34,3.34,3.47,3.58,3.82,3.89,3.86,3.88,3.88,3.79,3.78,4.19,4.18,4.14,4.02,3.87,Upgrade
EBIT,50.36,19.67,19.83,24.72,21.96,28.06,24.78,29.64,32.49,33.49,34.73,22.13,19.05,23.38,27.06,23.46,22.29,20.62,22.59,20.31,10.16,8.5,8.96,11.38,7.02,10.07,10.01,5.49,0.44,7.7,0.06,-0.65,0.82,3.05,4.01,3.07,2.21,0.94,1.8,4.71,Upgrade
EBIT Margin,46.35%,22.53%,26.88%,35.18%,33.25%,38.67%,32.56%,39.01%,39.55%,40.88%,38.56%,29.16%,28.13%,33.65%,38.19%,33.56%,33.43%,32.48%,33.71%,30.28%,15.52%,19.98%,20.57%,25.40%,16.86%,22.64%,23.07%,14.14%,1.24%,15.41%,0.14%,-1.63%,2.19%,8.43%,9.56%,7.15%,5.35%,2.09%,3.72%,9.43%,Upgrade
