Metrics,2023-03-31,2022-12-31,2022-09-30,2022-06-30,2022-03-31,2021-12-31,2021-09-30,2021-06-30,2021-03-31,2020-12-31,2020-09-30,2020-06-30,2020-03-31,2019-12-31,2019-09-30,2019-06-30,2019-03-31,2018-12-31,2018-09-30,2018-06-30,2018-03-31,2017-12-31,2017-09-30,2017-06-30,2017-03-31,2016-12-31,2016-09-30,2016-06-30,2016-03-31,2015-12-31,2015-09-30,2015-06-30,2015-03-31,2014-12-31,2014-09-30,2014-06-30,2014-03-31,2013-12-31,2013-09-30,2013-06-30,+56 Quarters
Revenue,46.05,23.09,23.58,19.23,25.3,24.8,12.41,36.59,34.69,14.78,14.93,46.69,15.8,15.36,16.02,14.15,13.76,14.66,12.39,11.4,11.07,10.42,9.6,9.9,8.99,9.1,7.85,7.22,6.79,8.68,7.04,5.61,4.75,-,38.17,38.13,36.09,37.66,34.77,37.01,Upgrade
Revenue Growth (YoY),81.99%,-6.91%,90.04%,-47.45%,-27.07%,67.87%,-16.89%,-21.64%,119.55%,-3.81%,-6.82%,230.02%,14.81%,4.80%,29.36%,24.07%,24.36%,40.73%,29.00%,15.15%,23.07%,14.50%,22.29%,37.12%,32.37%,4.85%,11.55%,28.84%,43.03%,-,-81.56%,-85.30%,-86.84%,-,9.75%,3.02%,5.69%,8.84%,3.93%,14.45%,Upgrade
Gross Profit,46.05,23.09,23.58,19.23,25.3,24.8,12.41,36.59,34.69,14.78,14.93,46.69,15.8,15.36,16.02,14.15,13.76,14.66,12.39,11.4,11.07,10.42,9.6,9.9,8.99,9.1,7.85,7.22,6.79,8.68,7.04,5.61,4.75,-,38.17,38.13,36.09,37.66,34.77,37.01,Upgrade
"Selling, General & Admin",23.75,10.67,8.1,8.05,6.86,9.08,6.09,8.49,7.27,5.5,5.4,6.42,6.27,6.26,6.5,5.78,6,8.48,7.61,7.46,7.54,7.88,7.02,7.6,7.08,6.19,6.01,7.85,6.65,2.45,6.65,6.09,5.79,-,30.89,31.33,30.32,30.51,30.03,30.96,Upgrade
Other Operating Expenses,15.45,8.9,8.35,7.18,7.85,8.19,7.84,7.59,6.2,4.27,3.92,5.92,4.58,6.65,4.32,4.72,3.97,2.73,2.11,2.28,1.73,1.9,1.54,1.37,1.47,1.94,1.62,1.48,0.04,4.62,0.01,0.09,0.09,0,0.93,1.04,0.65,1.77,0.89,1.03,Upgrade
Operating Expenses,39.2,19.58,16.46,15.24,14.71,17.26,13.93,16.08,13.47,9.78,9.32,12.34,10.85,12.9,10.82,10.51,9.97,11.22,9.72,9.74,9.26,9.78,8.56,8.97,8.56,8.14,7.64,9.33,6.69,7.07,6.67,6.17,5.87,-,31.82,32.37,30.97,32.27,30.92,31.98,Upgrade
Operating Income,6.86,3.51,7.12,3.99,10.6,7.54,-1.52,20.51,21.22,5,5.61,34.35,4.96,2.46,5.2,3.64,3.8,3.44,2.67,1.67,1.81,0.64,1.05,0.94,0.44,0.96,0.22,-2.11,0.11,1.61,0.37,-0.57,-1.12,-,6.35,5.76,5.12,5.39,3.86,5.03,Upgrade
Interest Expense / Income,0,8.91,6.92,5.83,0,5.3,5.18,4.97,5.07,4.15,3.94,4.6,5.18,5.5,5.48,4.71,4.74,4.65,4.11,3.79,3.51,3.26,2.99,2.62,2.53,2.64,2.34,1.98,1.49,1.53,1.86,1.73,1.36,-,1.33,3.59,1.64,1.7,1.48,1.38,Upgrade
Other Expense / Income,-,-3.18,-11.16,-15.36,-,-17.79,-23.31,-1.83,-13.97,-15.01,2.12,4.28,7.03,-15.78,-10.91,-9.75,-10.02,-8.77,-13.82,-9.75,-9.82,-20.69,-10.02,-8.61,-8,-7.96,-12.17,-9.45,-6.98,-16.03,-6.24,-7.17,-12.48,-,3.08,1.26,2.63,7.1,0.42,0.62,Upgrade
Pretax Income,6.86,-2.22,11.36,13.52,10.6,20.03,16.61,17.37,30.12,15.86,-0.45,25.47,-7.25,12.74,10.64,8.68,9.08,7.56,12.38,7.62,8.11,18.06,8.08,6.93,5.9,6.29,10.04,5.37,5.6,16.11,4.75,4.88,10,-,1.93,0.91,0.85,-3.41,1.96,3.02,Upgrade
Income Tax,-4.86,0,0,0,0.94,0,0,0,0,0,0,0,0,0,0,0,0,0,0,0,0,0,0,0,0,0,0,0,0,0,0,0,0,-,1.93,0.91,0.85,1.7,0.14,1.18,Upgrade
Net Income,11.72,-2.22,11.36,13.52,9.65,20.03,16.61,17.37,30.12,15.86,-0.45,25.47,-7.25,12.74,10.64,8.68,9.08,7.56,12.38,7.62,8.11,18.06,8.08,6.93,5.9,6.29,10.04,5.37,5.6,16.11,4.75,4.88,10,-,0,0,0,-5.11,1.82,1.84,Upgrade
Preferred Dividends,0.25,0,0,0,0,0,0,0,0,0,0,0,0,0,0,0,0,0,0,0,0,0,0,0,0,0,0,0,0,0,0,0,0,-,0,0,0,0,0,0,Upgrade
Net Income Common,11.47,-2.22,11.36,13.52,9.65,20.03,16.61,17.37,30.12,15.86,-0.45,25.47,-7.25,12.74,10.64,8.68,9.08,7.56,12.38,7.62,8.11,18.06,8.08,6.93,5.9,6.29,10.04,5.37,5.6,16.11,4.75,4.88,10,-,0,0,0,-5.11,1.82,1.84,Upgrade
Net Income Growth,18.83%,-,-31.61%,-22.19%,-67.96%,26.31%,-,-31.78%,-,24.50%,-,193.47%,-,68.46%,-14.11%,13.87%,11.97%,-58.14%,53.32%,9.97%,37.40%,187.23%,-19.55%,29.00%,5.35%,-60.96%,111.41%,10.17%,-43.98%,-,-,-,-,-,-,-,-,-,39.25%,48.19%,Upgrade
Shares Outstanding (Basic),25,24,24,24,24,23,23,23,22,22,21,21,21,20,19,19,19,19,19,19,18,18,17,17,16,15,15,14,15,12,10,10,10,8,7,7,7,7,7,7,Upgrade
Shares Outstanding (Diluted),-,-,-,-,24,-,-,23,22,-,-,21,21,20,19,19,19,19,19,19,18,18,17,17,16,15,15,14,15,12,10,10,10,-,8,8,8,8,8,8,Upgrade
Shares Change,1.87%,7.15%,8.02%,7.27%,8.14%,4.77%,6.40%,7.81%,7.71%,9.01%,10.21%,9.31%,9.13%,5.67%,2.33%,2.32%,2.75%,4.47%,7.46%,7.70%,12.89%,23.67%,20.14%,19.78%,12.92%,18.39%,41.07%,41.89%,42.16%,63.14%,34.02%,32.63%,32.94%,-0.63%,1.25%,1.51%,1.72%,2.82%,1.33%,2.77%,Upgrade
EPS (Basic),0.46,-0.09,0.47,0.56,0.40,0.84,0.74,0.77,1.35,0.74,-0.02,1.22,-0.35,0.64,0.55,0.45,0.48,0.40,0.66,0.41,0.44,1.03,0.46,0.40,0.36,0.43,0.69,0.37,0.39,1.40,0.46,0.48,0.98,-,0.35,0.20,0.20,0.35,0.26,0.25,Upgrade
EPS (Diluted),0.46,-0.09,0.47,0.56,0.40,0.84,0.74,0.77,1.35,0.74,-0.02,1.22,-0.35,0.64,0.55,0.45,0.48,0.40,0.66,0.41,0.44,1.03,0.46,0.40,0.36,0.43,0.69,0.37,0.39,1.40,0.46,0.48,0.98,-,0.34,0.18,0.18,0.31,0.24,0.25,Upgrade
EPS Growth,15.00%,-,-36.49%,-27.27%,-70.37%,13.51%,-,-36.89%,-,15.63%,-,171.11%,-,60.00%,-16.67%,9.76%,9.09%,-61.17%,43.48%,2.50%,22.22%,139.53%,-33.33%,8.11%,-7.69%,-69.29%,50.00%,-22.92%,-60.20%,-,35.29%,166.67%,444.44%,-,41.67%,-28.00%,-10.00%,14.81%,60.00%,66.67%,Upgrade
Free Cash Flow Per Share,-4.74,2.67,-2.56,-2.97,0.27,-0.47,1.30,3.87,1.58,-2.69,0.26,1.98,1.42,-2.17,-0.99,-0.50,-0.91,-1.29,-1.98,0.43,-1.13,-0.08,-1.06,-1.83,-1.33,0.61,-1.93,-0.27,0.60,-1.38,-2.37,1.35,-1.02,-,0.61,0.45,1.02,0.80,-1.07,1.13,Upgrade
Dividend Per Share,-,0.700,0.650,0.750,0.750,1.050,0.900,0.700,0.500,0.470,1.140,-,0.440,0.710,0.580,0.460,0.400,0.500,0.480,0.420,0.400,0.440,0.440,0.400,0.360,0.400,0.430,0.350,0.750,3.190,-,0.470,0.390,-,-,-,-,-,-,-,Upgrade
Dividend Growth,-,-33.33%,-27.78%,7.14%,50.00%,123.40%,-21.05%,-,13.64%,-33.80%,96.55%,-,10.00%,42.00%,20.83%,9.52%,0%,13.64%,9.09%,5.00%,11.11%,10.00%,2.33%,14.29%,-52.00%,-87.46%,-,-25.53%,92.31%,-,-,-,-,-,-,-,-,-,-,-,Upgrade
Gross Margin,100.00%,100.00%,100.00%,100.00%,100.00%,100.00%,100.00%,100.00%,100.00%,100.00%,100.00%,100.00%,100.00%,100.00%,100.00%,100.00%,100.00%,100.00%,100.00%,100.00%,100.00%,100.00%,100.00%,100.00%,100.00%,100.00%,100.00%,100.00%,100.00%,100.00%,100.00%,100.00%,100.00%,-,100.00%,100.00%,100.00%,100.00%,100.00%,100.00%,Upgrade
Operating Margin,14.89%,15.22%,30.20%,20.76%,41.87%,30.40%,-12.23%,56.06%,61.17%,33.84%,37.57%,73.57%,31.36%,16.00%,32.48%,25.74%,27.57%,23.49%,21.56%,14.60%,16.34%,6.15%,10.89%,9.46%,4.85%,10.57%,2.75%,-29.16%,1.59%,18.53%,5.30%,-10.11%,-23.58%,-,16.63%,15.11%,14.18%,14.31%,11.09%,13.58%,Upgrade
Profit Margin,24.90%,-9.62%,48.18%,70.32%,38.14%,80.75%,133.90%,47.49%,86.83%,107.32%,-3.03%,54.54%,-45.90%,82.92%,66.39%,61.33%,65.99%,51.58%,99.99%,66.83%,73.29%,173.43%,84.13%,69.97%,65.65%,69.13%,127.88%,74.37%,82.48%,185.66%,67.48%,86.98%,210.59%,-,-,-,-,-13.58%,5.23%,4.98%,Upgrade
Free Cash Flow Margin,-253.03%,282.28%,-264.68%,-372.72%,25.60%,-43.45%,236.87%,238.00%,101.55%,-396.11%,36.56%,88.63%,186.30%,-281.77%,-118.45%,-67.50%,-125.49%,-165.75%,-299.98%,70.63%,-188.84%,-14.24%,-192.43%,-319.95%,-241.70%,97.48%,-358.62%,-54.05%,128.30%,-195.64%,-347.33%,246.29%,-219.87%,-,11.96%,8.44%,20.06%,14.99%,-21.85%,21.58%,Upgrade
Effective Tax Rate,-70.94%,-,-,-,8.90%,-,-,-,-,-,-,-,-,-,-,-,-,-,-,-,-,-,-,-,-,-,-,-,-,-,-,-,-,-,100.00%,100.00%,100.00%,-,7.00%,39.05%,Upgrade
EBITDA,7.73,6.75,18.34,19.41,10.66,25.4,21.86,22.42,35.28,20.1,3.58,30.17,-1.95,18.36,16.24,13.51,13.95,12.34,16.62,11.53,11.74,21.44,11.17,9.64,8.52,9.01,12.47,7.43,7.13,17.71,6.7,6.69,11.44,-,1.51,5.4,3.34,-4.16,4.27,5.22,Upgrade
EBITDA Margin,16.78%,29.23%,77.76%,100.94%,42.12%,102.39%,176.20%,61.28%,101.69%,136.02%,23.98%,64.62%,-12.37%,119.52%,101.35%,95.51%,101.33%,84.18%,134.16%,101.10%,106.11%,205.82%,116.34%,97.36%,94.77%,99.07%,158.77%,102.89%,104.97%,204.10%,95.20%,119.32%,240.93%,-,3.96%,14.15%,9.26%,-11.05%,12.26%,14.10%,Upgrade
Depreciation & Amortization,0.87,0.06,0.06,0.06,0.06,0.07,0.07,0.08,0.09,0.09,0.09,0.1,0.12,0.12,0.13,0.12,0.13,0.13,0.12,0.12,0.12,0.11,0.11,0.1,0.09,0.09,0.08,0.09,0.04,0.07,0.09,0.09,0.09,-,-1.75,0.9,0.86,-2.45,0.83,0.82,Upgrade
EBIT,6.86,6.69,18.28,19.35,10.6,25.33,21.79,22.34,35.2,20.01,3.49,30.07,-2.07,18.24,16.11,13.39,13.82,12.21,16.49,11.41,11.62,21.33,11.06,9.55,8.43,8.93,12.38,7.35,7.09,17.64,6.61,6.6,11.36,-,3.26,4.5,2.49,-1.71,3.44,4.4,Upgrade
EBIT Margin,14.89%,28.98%,77.52%,100.63%,41.87%,102.11%,175.62%,61.06%,101.45%,135.41%,23.35%,64.40%,-13.09%,118.72%,100.57%,94.64%,100.39%,83.32%,133.18%,100.08%,105.02%,204.76%,115.23%,96.40%,93.78%,98.11%,157.70%,101.72%,104.39%,203.31%,93.96%,117.80%,239.14%,-,8.55%,11.80%,6.89%,-4.54%,9.88%,11.90%,Upgrade
