Metrics,2023-03-31,2022-12-31,2022-09-30,2022-06-30,2022-03-31,2021-12-31,2021-09-30,2021-06-30,2021-03-31,2020-12-31,2020-09-30,2020-06-30,2020-03-31,2019-12-31,2019-09-30,2019-06-30,2019-03-31,2018-12-31,2018-09-30,2018-06-30,2018-03-31,2017-12-31,2017-09-30,2017-06-30,2017-03-31,2016-12-31,2016-09-30,2016-06-30,2016-03-31,2015-12-31,2015-09-30,2015-06-30,2015-03-31,2014-12-31,2014-09-30,2014-06-30,2014-03-31,2013-12-31,2013-09-30,2013-06-30,+3 Quarters
Revenue,136.78,133.11,130.58,132.22,127.44,125.07,124.04,120.77,115.19,109.9,107.78,107.95,107.65,104.9,101.59,91.18,81.11,76.26,71.76,67.45,59.55,54.54,48.95,42.2,37.05,36.63,35.52,29.48,22.19,18.86,14.7,10.9,9.15,6.89,5.38,3.56,4.25,3.71,2.16,0.75,Upgrade
Revenue Growth (YoY),7.33%,6.42%,5.27%,9.49%,10.63%,13.80%,15.08%,11.87%,7.01%,4.77%,6.10%,18.39%,32.73%,37.55%,41.56%,35.18%,36.19%,39.83%,46.59%,59.85%,60.72%,48.90%,37.82%,43.14%,67.02%,94.19%,141.58%,170.52%,142.59%,173.68%,173.49%,206.04%,115.33%,85.87%,148.77%,377.35%,797.89%,1209.66%,247154.00%,-,Upgrade
Cost of Revenue,6.7,3.45,-3.39,-3.04,-0.62,-0.5,3.2,4.64,4.96,3.55,15.67,34.33,5.7,4.27,2.57,2.92,2.74,2.14,1.1,0.64,1.57,2.37,0.96,1.37,0.64,0.8,0.66,0.47,0.46,0.37,0.18,-0.01,0.1,0.08,-0.03,0.03,0,0,0,0,Upgrade
Gross Profit,130.08,129.66,133.97,135.26,128.06,125.57,120.84,116.13,110.23,106.35,92.12,73.61,101.95,100.63,99.02,88.26,78.36,74.12,70.66,66.81,57.98,52.16,48,40.83,36.42,35.83,34.86,29.01,21.73,18.49,14.52,10.9,9.04,6.81,5.4,3.53,4.25,3.71,2.16,0.75,Upgrade
"Selling, General & Admin",25.79,26.71,27.14,30.7,32.94,38.84,34.67,34.73,34.07,34.99,33.97,30.37,32.28,31.3,32.34,32.19,30.8,29.11,30.38,29.02,28.45,27.68,24.65,28.05,25.99,23.28,24.04,23.23,22.67,21.69,19.65,20.91,18.35,17.58,17.9,18.64,19.3,15.26,16.03,17.02,Upgrade
Other Operating Expenses,0.08,0.13,0.2,0.34,0.43,0.65,0.79,0.48,0.59,0.46,0.56,1.09,0.73,0.94,0.91,0.35,0.05,0.27,0,0,0,0.62,0,0,0,0,0,0,0,0,0,0,0,0,0,0,0,0,0,0,Upgrade
Operating Expenses,25.87,26.84,27.34,31.04,33.37,39.49,35.46,35.21,34.66,35.45,34.53,31.46,33.01,32.23,33.24,32.54,30.85,29.38,30.38,29.02,28.45,28.3,24.65,28.05,25.99,23.28,24.04,23.23,22.67,21.69,19.65,20.91,18.35,17.58,17.9,18.64,19.3,15.26,16.03,17.02,Upgrade
Operating Income,104.21,102.82,106.63,104.22,94.7,86.08,85.38,80.92,75.58,70.9,57.59,42.15,68.94,68.4,65.77,55.71,47.51,44.73,40.28,37.79,29.53,23.87,23.35,12.78,10.43,12.55,10.82,5.78,-0.95,-3.2,-5.13,-10.01,-9.31,-10.77,-12.49,-15.1,-15.06,-11.56,-13.87,-16.27,Upgrade
Interest Expense / Income,8.04,8.04,8.04,8.05,8.04,8.03,7.93,7.92,7.92,7.91,7.8,5.94,2.74,2.97,2.98,3.07,3.06,3.03,2.97,5.56,3.42,3.38,3.35,3.3,3.49,3.78,3.73,3.71,3.63,2.06,0,0,0,0,0,0,0,0,0,0,Upgrade
Other Expense / Income,-,-,-,-1.02,-0.09,-0.11,-,-0.66,0.21,1.38,0.44,1.24,-5.96,2.63,-1.14,1.69,5.48,-3.54,5.46,-0.11,-0.42,3.43,0.5,-0.02,0.2,1.71,0.8,0.06,-0.67,-0.43,-0.33,0.11,-1.25,0.06,-1.24,-0.95,-,1.53,-,-,Upgrade
Pretax Income,96.17,94.78,98.59,97.19,86.75,78.16,77.45,73.66,67.46,61.62,49.36,34.98,72.16,62.79,63.93,50.96,38.97,45.24,31.85,32.34,26.53,17.06,19.5,9.5,6.74,7.06,6.29,2.01,-3.91,-4.82,-4.8,-10.11,-8.06,-10.83,-11.25,-14.15,-15.06,-13.09,-13.87,-16.27,Upgrade
Income Tax,21.72,21.84,21.75,21.75,19.07,17.64,17.26,16.13,14.57,13.35,11.18,8.13,13.89,12.59,14.17,11.86,6.08,9.72,7.04,7.1,4.18,18.83,7.19,3.48,1.25,-52.66,0.11,0,0,0,0,0.24,-0.24,-0.81,-0.28,-1.3,0,0,0,0,Upgrade
Net Income,74.46,72.94,76.84,75.44,67.68,60.52,60.19,57.52,52.89,48.27,38.18,26.85,58.27,50.2,49.76,39.1,32.9,35.52,24.81,25.24,22.36,-1.77,12.31,6.01,5.49,59.72,6.18,2.01,-3.91,-4.82,-4.8,-10.35,-7.82,-10.02,-10.98,-12.86,-15.06,-13.09,-13.87,-16.27,Upgrade
Net Income Growth,10.01%,20.51%,27.65%,31.16%,27.96%,25.39%,57.66%,114.25%,-9.23%,-3.84%,-23.28%,-31.34%,77.12%,41.31%,100.57%,54.91%,47.17%,-,101.52%,319.84%,307.05%,-,99.38%,198.96%,-,-,-,-,-,-,-,-,-,-,-,-,-,-,-,-,Upgrade
Shares Outstanding (Basic),84,84,84,86,86,86,86,86,85,85,85,74,69,68,68,68,67,66,66,66,62,60,60,60,59,59,59,59,59,59,59,59,58,58,58,58,58,57,56,56,Upgrade
Shares Outstanding (Diluted),85,85,85,87,87,87,87,87,86,86,86,74,70,70,70,70,69,68,69,69,66,60,63,63,62,64,60,60,59,59,59,59,58,58,58,58,58,57,56,56,Upgrade
Shares Change,-2.83%,-2.78%,-1.61%,-0.28%,0.95%,0.82%,1.50%,17.05%,22.85%,22.93%,22.05%,6.59%,2.04%,3.31%,1.88%,1.42%,5.02%,12.66%,9.12%,8.90%,5.39%,-5.19%,4.65%,5.31%,5.77%,8.42%,2.63%,1.89%,0.77%,0.64%,0.65%,0.74%,0.73%,2.02%,4.90%,4.78%,4.61%,51.02%,0.25%,-,Upgrade
EPS (Basic),0.89,0.87,0.91,0.88,0.79,0.71,0.70,0.67,0.62,0.57,0.45,0.36,0.85,0.73,0.73,0.58,0.49,0.54,0.38,0.38,0.36,-0.03,0.21,0.10,0.09,1.01,0.10,0.03,-0.07,-0.08,-0.08,-0.18,-0.13,-0.17,-0.19,-0.22,-0.26,-0.23,-0.25,-0.29,Upgrade
EPS (Diluted),0.88,0.86,0.90,0.86,0.77,0.69,0.69,0.65,0.61,0.58,0.45,0.36,0.74,0.72,0.69,0.56,0.48,0.53,0.36,0.37,0.34,-0.03,0.20,0.10,0.09,0.98,0.10,0.03,-0.07,-0.08,-0.08,-0.18,-0.13,-0.17,-0.19,-0.22,-0.26,-0.23,-0.25,-0.29,Upgrade
EPS Growth,14.29%,24.64%,30.43%,32.31%,26.23%,18.97%,53.33%,80.56%,-17.57%,-19.44%,-34.78%,-35.71%,54.17%,35.85%,91.67%,51.35%,41.18%,-,80.00%,270.00%,277.78%,-,100.00%,233.33%,-,-,-,-,-,-,-,-,-,-,-,-,-,-,-,-,Upgrade
Free Cash Flow Per Share,1.06,0.35,1.25,1.05,0.91,0.48,1.12,1.09,0.97,0.41,0.98,1.04,0.68,0.97,0.73,0.83,0.40,0.66,0.55,0.58,0.32,0.40,0.42,0.25,-0.09,0.28,0.38,0.39,-0.03,0.40,0.28,0.08,-0.15,-0.05,-0.07,-0.15,-0.23,-0.14,-0.16,-0.20,Upgrade
Gross Margin,95.10%,97.41%,102.60%,102.30%,100.49%,100.40%,97.42%,96.16%,95.69%,96.77%,85.46%,68.19%,94.71%,95.93%,97.47%,96.79%,96.62%,97.19%,98.47%,99.05%,97.37%,95.65%,98.05%,96.75%,98.29%,97.82%,98.13%,98.41%,97.94%,98.03%,98.77%,100.06%,98.86%,98.82%,100.48%,99.21%,100.00%,100.00%,100.00%,100.00%,Upgrade
Operating Margin,76.19%,77.24%,81.66%,78.82%,74.30%,68.82%,68.83%,67.01%,65.61%,64.51%,53.43%,39.05%,64.04%,65.20%,64.74%,61.10%,58.58%,58.66%,56.13%,56.02%,49.59%,43.76%,47.70%,30.28%,28.15%,34.26%,30.46%,19.60%,-4.26%,-16.94%,-34.90%,-91.82%,-101.79%,-156.31%,-232.38%,-424.15%,-354.49%,-311.65%,-641.97%,-2181.50%,Upgrade
Profit Margin,54.44%,54.80%,58.84%,57.06%,53.11%,48.39%,48.53%,47.63%,45.91%,43.92%,35.42%,24.87%,54.13%,47.85%,48.99%,42.88%,40.56%,46.58%,34.57%,37.42%,37.54%,-3.24%,25.15%,14.25%,14.82%,163.05%,17.38%,6.82%,-17.61%,-25.56%,-32.64%,-95.00%,-85.51%,-145.40%,-204.17%,-360.99%,-354.49%,-352.89%,-641.97%,-2181.50%,Upgrade
Free Cash Flow Margin,64.57%,21.77%,80.66%,68.21%,61.47%,32.95%,77.22%,77.41%,72.06%,31.45%,77.15%,70.74%,43.06%,62.99%,48.51%,61.75%,32.71%,57.41%,50.09%,56.81%,33.18%,44.64%,51.44%,35.28%,-13.92%,45.62%,63.02%,77.89%,-7.14%,123.69%,109.73%,43.34%,-96.87%,-43.43%,-73.21%,-241.59%,-321.52%,-224.54%,-400.46%,-1482.17%,Upgrade
Effective Tax Rate,22.58%,23.04%,22.06%,22.37%,21.98%,22.57%,22.28%,21.90%,21.59%,21.66%,22.65%,23.24%,19.24%,20.06%,22.16%,23.27%,15.59%,21.49%,22.09%,21.95%,15.74%,110.35%,36.85%,36.69%,18.52%,-746.04%,1.81%,-,-,-,-,-,-,-,-,-,-,-,-,-,Upgrade
EBITDA,107.01,105.71,109.56,108.19,97.88,89.17,88.29,84.25,78.05,72.07,59.62,43.39,77.34,68.4,69.23,56.27,44.14,50.26,36.83,39.85,31.81,22.23,24.6,14.41,11.74,12.2,12.03,7.02,0.72,-1.55,-2.85,-9.52,-6.96,-9.36,-8.92,-11.83,-13.1,-10.38,-11.18,-13.62,Upgrade
EBITDA Margin,78.24%,79.42%,83.90%,81.83%,76.80%,71.30%,71.18%,69.76%,67.75%,65.58%,55.31%,40.20%,71.85%,65.21%,68.15%,61.71%,54.42%,65.90%,51.33%,59.08%,53.41%,40.77%,50.25%,34.16%,31.67%,33.29%,33.86%,23.82%,3.22%,-8.21%,-19.35%,-87.35%,-76.13%,-135.75%,-165.92%,-332.32%,-308.52%,-279.91%,-517.17%,-1825.74%,Upgrade
Depreciation & Amortization,2.8,2.89,2.93,2.95,3.09,2.98,2.91,2.67,2.68,2.55,2.46,2.47,2.44,2.64,2.32,2.24,2.1,1.99,2.02,1.95,1.86,1.79,1.75,1.62,1.5,1.36,2.01,1.31,0.99,1.22,1.95,0.59,1.1,1.48,2.33,2.32,1.95,2.71,2.7,2.65,Upgrade
EBIT,104.21,102.82,106.63,105.24,94.79,86.19,85.38,81.58,75.37,69.52,57.15,40.92,74.9,65.76,66.91,54.03,42.04,48.27,34.82,37.9,29.95,20.44,22.85,12.8,10.23,10.84,10.02,5.72,-0.28,-2.76,-4.8,-10.11,-8.06,-10.83,-11.25,-14.15,-15.06,-13.09,-13.87,-16.27,Upgrade
EBIT Margin,76.19%,77.24%,81.66%,79.59%,74.38%,68.91%,68.83%,67.55%,65.43%,63.26%,53.03%,37.91%,69.58%,62.69%,65.87%,59.26%,51.83%,63.30%,48.52%,56.19%,50.29%,37.48%,46.68%,30.32%,27.62%,29.58%,28.22%,19.40%,-1.24%,-14.65%,-32.64%,-92.79%,-88.15%,-157.18%,-209.32%,-397.42%,-354.49%,-352.89%,-641.97%,-2181.50%,Upgrade
