Metrics,2023-03-31,2022-12-31,2022-09-30,2022-06-30,2022-03-31,2021-12-31,2021-09-30,2021-06-30,2021-03-31,2020-12-31,2020-09-30,2020-06-30,2020-03-31,2019-12-31,2019-09-30,2019-06-30,2019-03-31,2018-12-31,2018-09-30,2018-06-30,2018-03-31,2017-12-31,2017-09-30,2017-06-30,2017-03-31,2016-12-31,2016-09-30,2016-06-30,2016-03-31,2015-12-31,2015-09-30,2015-06-30,2015-03-31,2014-12-31,2014-09-30,2014-06-30,2014-03-31,2013-12-31,2013-09-30,2013-06-30,+70 Quarters
Revenue,261.8,250.46,249.72,222.16,231.6,293.96,283.1,265.45,207.59,231,249.04,227.02,253.84,261.63,283.52,274.34,303.89,310.93,238.28,253.58,260.26,276.77,284.64,311.3,321.86,323.9,359.45,373.05,330.76,362.46,404.95,463.25,510.44,493.29,513.7,553.07,551.26,555.96,531.24,544.81,Upgrade
Revenue Growth (YoY),13.04%,-14.80%,-11.79%,-16.31%,11.56%,27.26%,13.68%,16.92%,-18.22%,-11.71%,-12.16%,-17.25%,-16.47%,-15.85%,18.98%,8.19%,16.76%,12.34%,-16.29%,-18.54%,-19.14%,-14.55%,-20.81%,-16.55%,-2.69%,-10.64%,-11.24%,-19.47%,-35.20%,-26.52%,-21.17%,-16.24%,-7.40%,-11.27%,-3.30%,1.52%,35.56%,134.99%,128.29%,157.74%,Upgrade
Gross Profit,261.8,250.46,249.72,222.16,231.6,293.96,283.1,265.45,207.59,231,249.04,227.02,253.84,261.63,283.52,274.34,303.89,310.93,238.28,253.58,260.26,276.77,284.64,311.3,321.86,323.9,359.45,373.05,330.76,362.46,404.95,463.25,510.44,493.29,513.7,553.07,551.26,555.96,531.24,544.81,Upgrade
"Selling, General & Admin",93.5,101.05,115.29,116.91,105.2,134.89,111.04,118.77,107.6,121.26,123.43,121.08,113.53,122.23,143.95,158.12,139.16,194.75,136.46,138.99,151.26,207.45,172.22,196.55,178.73,184.31,201.13,273.24,218.77,250.42,233.27,248.25,227.14,285.83,329.54,207,196.06,205.04,206.74,244.12,Upgrade
Other Operating Expenses,89.6,219.95,-69.04,-5.74,-13.6,80.37,40.72,103.49,10.82,-73.17,59.91,47.16,197.81,16.26,-99.22,173.38,140.94,108.07,81.06,66.66,55.24,-39.15,101.26,83.93,97.66,53.59,70.55,111.78,109.89,109.43,154.46,104.01,151.22,599.68,125.5,138.47,153.13,135.84,139.52,130.67,Upgrade
Operating Expenses,183.1,320.99,46.25,111.17,91.6,215.27,151.76,222.26,118.42,48.09,183.34,168.24,311.33,138.49,44.72,331.49,280.11,302.82,217.53,205.65,206.5,168.3,273.48,280.48,276.38,237.9,271.68,385.02,328.66,359.85,387.73,352.25,378.36,885.51,455.04,345.46,349.19,340.88,346.26,374.8,Upgrade
Operating Income,78.7,-70.54,203.47,110.99,140,78.7,131.35,43.19,89.17,182.91,65.7,58.78,-57.49,123.14,238.79,-57.16,23.78,8.11,20.75,47.93,53.76,108.47,11.16,30.82,45.48,86,87.77,-11.96,2.1,2.61,17.22,111,132.09,-392.22,58.66,207.61,202.07,215.08,184.98,170.02,Upgrade
Interest Expense / Income,132.6,22.25,182.03,111.94,97.6,93.89,131.78,73.33,66.3,189.26,84.22,68.45,36.58,98.28,285.92,31.57,70.45,85.44,61.29,77.5,50.81,150.77,47.28,81.13,84.06,104.5,110.96,91.03,106.09,119.77,118.31,124.9,119.4,132.63,133.05,136.21,139.87,76.02,116.89,113.22,Upgrade
Other Expense / Income,-15.6,-13.95,-11.54,-10.39,-18.9,-11.23,-10.7,-7.9,11.23,-5.52,-7.15,-3.51,-6.72,-12.38,-8.81,-4.39,-5.58,-70.98,-0.23,-1.09,-1.95,2.23,-9.45,-8.63,-7.98,-8.28,-25.47,-6.44,-1.73,12.1,-45.06,-26.23,-30.11,-5,-2,-5.72,-9.52,-14.53,-1.35,-17.36,Upgrade
Pretax Income,-38.3,-78.84,32.98,9.43,61.3,-3.97,10.26,-22.24,11.64,-0.83,-11.37,-6.16,-87.35,37.24,-38.32,-84.33,-41.08,-6.35,-40.3,-28.48,4.9,-44.53,-26.67,-41.68,-30.6,-10.22,2.28,-96.56,-102.26,-129.26,-56.04,12.33,42.8,-519.85,-72.39,77.12,71.72,153.58,69.45,74.16,Upgrade
Income Tax,1.9,0.84,-3.96,-0.92,3.2,-2.29,-11.29,-11.92,3.1,6.42,-1.95,-8.11,-61.86,2.37,4.45,5.4,3.41,-4.01,0.85,1.35,2.35,-0.05,-20.42,2.83,2.13,0.23,-7.11,-9.18,9.08,94.99,10.83,2.59,8.44,2.02,2.99,10.17,11.22,18.31,8.87,8.5,Upgrade
Net Income,-40.2,-79.68,36.94,10.35,58.1,-1.67,21.55,-10.32,8.54,-7.25,-9.42,1.95,-25.49,34.87,-42.77,-89.74,-44.49,-2.34,-41.15,-29.83,2.55,-44.48,-6.25,-44.51,-32.72,-10.44,9.39,-87.38,-111.33,-224.24,-66.87,9.74,34.36,-521.88,-75.38,66.96,60.5,135.28,60.57,65.66,Upgrade
Preferred Dividends,0,0,0,0,0,0,0,0,0,0,0,0,0,0,0,0,0,0,0,0,0,0,0,0,0,0,0,0,0,0,0,0,0,0,0.81,1,1,1,5.85,2.61,Upgrade
Net Income Common,-40.2,-79.68,36.94,10.35,58.1,-1.67,21.55,-10.32,8.54,-7.25,-9.42,1.95,-25.49,34.87,-42.77,-89.74,-44.49,-2.34,-41.15,-29.83,2.55,-44.48,-6.25,-44.51,-32.72,-10.44,9.39,-87.38,-111.33,-224.24,-66.87,9.74,34.36,-521.88,-76.19,65.96,59.5,134.28,54.73,63.06,Upgrade
Net Income Growth,-,-,71.39%,-,580.09%,-,-,-,-,-,-,-,-,-,-,-,-,-,-,-,-,-,-,-,-,-,-,-,-,-,-,-85.24%,-42.26%,-,-,4.60%,28.41%,105.96%,6.47%,40.65%,Upgrade
Shares Outstanding (Basic),8,8,9,9,9,9,9,9,9,9,9,9,9,9,9,9,9,9,9,9,9,9,9,8,8,8,8,8,8,8,8,8,8,8,9,9,9,9,9,9,Upgrade
Shares Outstanding (Diluted),8,8,9,9,10,10,9,9,9,9,9,9,9,9,9,9,9,9,9,9,9,9,9,8,8,8,8,8,8,8,8,8,8,8,9,9,9,9,9,10,Upgrade
Shares Change,-22.03%,-16.63%,-5.69%,4.08%,8.83%,11.89%,8.45%,3.90%,-1.26%,-3.35%,-3.38%,-3.38%,0.70%,0.65%,0.51%,0.46%,-0.51%,2.28%,4.01%,7.44%,8.54%,5.60%,3.71%,0.56%,-0.06%,-1.04%,-1.00%,-2.56%,-2.29%,9.14%,-3.96%,-7.66%,-9.99%,-17.97%,-6.79%,-4.85%,1.10%,0.56%,0.98%,4.75%,Upgrade
EPS (Basic),-5.34,-8.74,4.33,1.12,6.30,-0.21,2.35,-1.15,0.98,-0.83,-1.09,0.23,-2.84,3.90,-4.77,-10.05,-4.95,-0.29,-4.65,-3.30,0.30,-5.25,-0.75,-5.40,-3.90,-1.20,1.20,-10.65,-13.50,-26.85,-7.95,1.20,4.05,-59.55,-8.70,7.35,6.60,14.85,6.00,6.90,Upgrade
EPS (Diluted),-5.34,-8.49,4.17,1.11,6.01,-0.20,2.29,-1.15,0.96,-0.83,-1.09,0.23,-2.84,3.90,-4.77,-10.05,-4.95,-0.29,-4.65,-3.30,0.30,-5.25,-0.75,-5.40,-3.90,-1.20,1.20,-10.65,-13.50,-26.85,-7.95,1.20,4.05,-59.40,-8.70,7.20,6.45,14.40,5.85,6.75,Upgrade
EPS Growth,-,-,82.10%,-,526.04%,-,-,-,-,-,-,-,-,-,-,-,-,-,-,-,-,-,-,-,-,-,-,-,-,-,-,-83.33%,-37.21%,-,-,6.67%,30.30%,104.26%,5.41%,40.63%,Upgrade
Free Cash Flow Per Share,-27.62,-11.56,-4.78,12.37,21.56,-6.31,-21.22,-9.63,-15.00,1.72,2.68,5.90,19.33,-3.73,6.40,3.24,11.40,-1.24,10.53,10.51,10.87,0.59,14.29,23.04,10.16,9.32,20.19,4.09,14.64,-25.89,27.36,25.21,38.45,-25.13,39.80,1.40,21.35,-13.72,14.53,49.36,Upgrade
Gross Margin,100.00%,100.00%,100.00%,100.00%,100.00%,100.00%,100.00%,100.00%,100.00%,100.00%,100.00%,100.00%,100.00%,100.00%,100.00%,100.00%,100.00%,100.00%,100.00%,100.00%,100.00%,100.00%,100.00%,100.00%,100.00%,100.00%,100.00%,100.00%,100.00%,100.00%,100.00%,100.00%,100.00%,100.00%,100.00%,100.00%,100.00%,100.00%,100.00%,100.00%,Upgrade
Operating Margin,30.06%,-28.16%,81.48%,49.96%,60.45%,26.77%,46.40%,16.27%,42.96%,79.18%,26.38%,25.89%,-22.65%,47.07%,84.23%,-20.83%,7.83%,2.61%,8.71%,18.90%,20.65%,39.19%,3.92%,9.90%,14.13%,26.55%,24.42%,-3.21%,0.63%,0.72%,4.25%,23.96%,25.88%,-79.51%,11.42%,37.54%,36.66%,38.69%,34.82%,31.21%,Upgrade
Profit Margin,-15.36%,-31.81%,14.79%,4.66%,25.09%,-0.57%,7.61%,-3.89%,4.12%,-3.14%,-3.78%,0.86%,-10.04%,13.33%,-15.08%,-32.71%,-14.64%,-0.75%,-17.27%,-11.76%,0.98%,-16.07%,-2.20%,-14.30%,-10.17%,-3.22%,2.61%,-23.42%,-33.66%,-61.87%,-16.51%,2.10%,6.73%,-105.79%,-14.83%,11.93%,10.79%,24.15%,10.30%,11.57%,Upgrade
Free Cash Flow Margin,-79.49%,-35.05%,-16.33%,51.56%,85.79%,-19.77%,-68.88%,-32.65%,-62.77%,6.48%,9.32%,22.48%,68.46%,-12.82%,20.27%,10.58%,33.50%,-3.57%,39.46%,36.97%,37.05%,1.85%,43.08%,61.48%,26.10%,23.77%,46.44%,9.05%,36.61%,-59.65%,56.48%,45.46%,62.91%,-42.62%,67.43%,2.26%,34.92%,-22.30%,24.76%,81.96%,Upgrade
Effective Tax Rate,-,-,-11.99%,-9.80%,5.22%,-,-110.00%,-,26.60%,-,-,-,-,6.36%,-,-,-,-,-,-,47.96%,-,-,-,-,-,-311.71%,-,-,-,-,21.03%,19.72%,-,-,13.18%,15.64%,11.92%,12.78%,11.46%,Upgrade
EBITDA,97.6,-52.77,218.7,126.07,162.1,93.4,144.51,53.3,80.8,192.14,77.15,69.39,-46.77,141.41,254.06,-41.75,37.91,88.09,26.55,55.13,62.23,112.69,27.6,45.81,60.54,82.75,117.11,9.63,21.68,7.21,85.43,172.89,205.03,-317.62,127.2,281.83,279.23,322.04,272.21,263.69,Upgrade
EBITDA Margin,37.28%,-21.07%,87.58%,56.75%,69.99%,31.77%,51.04%,20.08%,38.92%,83.18%,30.98%,30.56%,-18.43%,54.05%,89.61%,-15.22%,12.48%,28.33%,11.14%,21.74%,23.91%,40.72%,9.70%,14.71%,18.81%,25.55%,32.58%,2.58%,6.55%,1.99%,21.10%,37.32%,40.17%,-64.39%,24.76%,50.96%,50.65%,57.93%,51.24%,48.40%,Upgrade
Depreciation & Amortization,3.3,3.82,3.69,4.69,3.2,3.47,2.46,2.21,2.86,3.7,4.31,7.1,4,5.89,6.46,11.01,8.55,9,5.56,6.11,6.53,6.46,6.99,6.36,7.08,-11.53,3.87,15.16,17.85,16.7,23.16,35.66,42.84,69.61,66.54,68.5,67.63,92.44,85.88,76.31,Upgrade
EBIT,94.3,-56.59,215.01,121.37,158.9,89.92,142.05,51.09,77.94,188.43,72.85,62.29,-50.77,135.52,247.61,-52.76,29.36,79.09,20.99,49.02,55.71,106.23,20.61,39.45,53.46,94.28,113.24,-5.53,3.83,-9.49,62.28,137.23,162.19,-387.23,60.66,213.33,211.59,229.61,186.33,187.38,Upgrade
EBIT Margin,36.02%,-22.59%,86.10%,54.63%,68.61%,30.59%,50.18%,19.25%,37.54%,81.57%,29.25%,27.44%,-20.00%,51.80%,87.33%,-19.23%,9.66%,25.44%,8.81%,19.33%,21.40%,38.38%,7.24%,12.67%,16.61%,29.11%,31.50%,-1.48%,1.16%,-2.62%,15.38%,29.62%,31.77%,-78.50%,11.81%,38.57%,38.38%,41.30%,35.07%,34.39%,Upgrade
