Metrics,2023-03-31,2022-12-31,2022-09-30,2022-06-30,2022-03-31,2021-12-31,2021-09-30,2021-06-30,2021-03-31,2020-12-31,2020-09-30,2020-06-30,2020-03-31,2019-12-31,2019-09-30,2019-06-30,2019-03-31,2018-12-31,2018-09-30,2018-06-30,2018-03-31,2017-12-31,2017-09-30,2017-06-30,2017-03-31,2016-12-31,2016-09-30,2016-06-30,2016-03-31,2015-12-31,2015-09-30,2015-06-30,2015-03-31,2014-12-31,2014-09-30,2014-06-30,2014-03-31,2013-12-31,2013-09-30,2013-06-30,+7 Quarters
Revenue,14.28,14,13.37,10.43,10.95,15.27,10.59,11.42,10.49,11.14,10.49,10.98,12.87,13.42,13.86,12.9,12.35,12.57,10.98,10.28,9,8.29,9.12,7.98,8.03,8.21,7.36,7.68,7.84,8.87,7.69,8.08,7.62,6.95,6.2,4.66,5.01,4.45,4.02,4.24,Upgrade
Revenue Growth (YoY),30.49%,-8.31%,26.24%,-8.62%,4.34%,37.08%,0.97%,3.96%,-18.48%,-17.00%,-24.33%,-14.88%,4.25%,6.74%,26.19%,25.51%,37.12%,51.60%,20.39%,28.83%,12.06%,1.01%,23.96%,3.84%,2.44%,-7.48%,-4.28%,-4.94%,2.91%,27.61%,24.06%,73.51%,52.06%,56.18%,54.27%,9.96%,14.82%,5.12%,-0.45%,-6.65%,Upgrade
Cost of Revenue,3.13,3.1,3.08,-0.93,3.09,5.37,2.05,2.69,1.83,2.54,2.11,2.08,2.46,3.35,3.38,3.3,3.01,3.12,2.85,2.68,2.07,1.99,2.4,1.2,2.37,2.12,1.94,1.95,1.85,2.24,2.03,1.66,1.93,1.11,1.27,0.53,1.26,1.09,0.74,0.79,Upgrade
Gross Profit,11.15,10.9,10.29,11.36,7.85,9.9,8.54,8.73,8.66,8.6,8.38,8.9,10.41,10.07,10.48,9.6,9.34,9.45,8.13,7.6,6.93,6.31,6.72,6.78,5.66,6.09,5.42,5.74,6,6.64,5.66,6.43,5.69,5.85,4.93,4.12,3.75,3.36,3.27,3.44,Upgrade
"Selling, General & Admin",1.33,1.37,1.26,1.17,1.23,1.26,1.07,1.26,1.28,1.09,1.22,1.36,1.52,1.25,1.16,1.1,1.06,1.1,1.05,0.87,1.48,0.9,0.82,1.12,0.93,0.99,0.81,0.97,1.03,1.04,0.85,0.99,1.17,1.15,0.82,0.83,1.14,0.96,0.86,0.95,Upgrade
Other Operating Expenses,0,0,0,0,0,0,0,0,0,0,-1.08,0,0,0,0,0,0,0,0,0,0,0,0,0,0,0,0,0,0,0,0,0,0,-0.16,0.05,0.05,0.06,0,0,0,Upgrade
Operating Expenses,1.33,1.37,1.26,1.17,1.23,1.26,1.07,1.26,1.28,1.09,0.15,1.36,1.52,1.25,1.16,1.1,1.06,1.1,1.05,0.87,1.48,0.9,0.82,1.12,0.93,0.99,0.81,0.97,1.03,1.04,0.85,0.99,1.17,0.99,0.87,0.88,1.21,0.96,0.86,0.95,Upgrade
Operating Income,9.82,9.53,9.03,10.19,6.63,8.65,7.47,7.48,7.38,7.51,8.24,7.54,8.89,8.82,9.32,8.51,8.28,8.36,7.08,6.73,5.45,5.4,5.91,5.66,4.73,5.1,4.62,4.77,4.96,5.59,4.82,5.44,4.53,4.86,4.06,3.25,2.54,2.4,2.42,2.49,Upgrade
Interest Expense / Income,4.87,4.8,4.66,3.94,3.62,4.22,4.23,4.24,4.83,4.51,4.45,4.93,4.92,4.27,4.46,3.65,3.46,3.04,2.39,2.17,1.63,1.58,1.5,1.34,1.39,1.37,1.32,1.31,1.31,1.31,1.19,2.68,1.78,2.59,1,1,0.99,0.85,0.82,0.86,Upgrade
Other Expense / Income,1.14,2.29,13.93,15.07,-5.36,-12.65,-9.93,-19.21,-1.62,-8.43,-12.97,-5.05,36.13,3.85,3.09,6.37,5.92,9.42,-0.49,-0.44,0.32,-0.33,3.23,6.6,-1.53,-1.09,0.91,-0.88,1.38,-1.9,2.21,-4.65,-0.48,-1.22,-0.78,1.69,-0.5,0.36,1.23,-1.63,Upgrade
Pretax Income,3.81,2.44,-9.56,-8.82,8.36,17.08,13.17,22.44,4.17,11.44,16.76,7.66,-32.16,0.71,1.76,-1.51,-1.1,-4.1,5.18,5,3.49,4.15,1.18,-2.28,4.87,4.82,2.39,4.34,2.28,6.18,1.42,7.4,3.23,3.5,3.84,0.56,2.05,1.18,0.37,3.26,Upgrade
Net Income,3.81,2.44,-9.56,-8.82,8.36,17.08,13.17,22.44,4.17,11.44,16.76,7.66,-32.16,0.71,1.76,-1.51,-1.1,-4.1,5.18,5,3.49,4.15,1.18,-2.28,4.87,4.82,2.39,4.34,2.28,6.18,1.42,7.4,3.23,3.5,3.84,0.56,2.05,1.18,0.37,3.26,Upgrade
Net Income Growth,-54.48%,-85.75%,-,-,100.31%,49.40%,-21.45%,193.04%,-,1519.69%,851.25%,-,-,-,-65.98%,-,-,-,340.77%,-,-28.22%,-13.95%,-50.80%,-,113.51%,-21.91%,68.05%,-41.39%,-29.49%,76.61%,-62.95%,1228.90%,57.58%,196.10%,947.81%,-82.90%,-28.56%,54.18%,-87.64%,-,Upgrade
Shares Outstanding (Basic),13,13,13,13,13,13,13,13,13,13,13,13,13,13,13,13,13,13,13,13,13,13,13,13,10,10,10,10,10,10,10,10,10,10,10,10,10,10,10,10,Upgrade
Shares Outstanding (Diluted),13,13,13,13,13,13,13,13,13,13,13,13,13,13,13,13,13,13,13,13,13,13,13,13,10,10,10,10,10,10,10,10,10,10,10,10,10,10,10,10,Upgrade
Shares Change,-0.18%,-0.19%,0.10%,0.10%,0.10%,0.09%,0.12%,0.14%,0.24%,0.26%,0.25%,0.24%,0.15%,0.14%,0.12%,0.09%,0.13%,0.06%,0.14%,1.14%,37.53%,37.68%,37.52%,36.17%,0.09%,0.02%,0.19%,0.30%,0.42%,0.54%,0.41%,0.32%,0.21%,0.10%,0.10%,0.12%,0.30%,0.53%,0.50%,-,Upgrade
EPS (Basic),0.28,0.18,-0.71,-0.66,0.62,1.27,0.98,1.67,0.31,0.86,1.25,0.57,-2.41,0.05,0.13,0.25,0.28,-0.30,0.39,0.37,0.26,0.33,0.09,-0.17,0.50,0.50,0.25,0.45,0.24,0.64,0.15,0.77,0.33,0.36,0.40,0.06,0.21,0.13,0.04,0.34,Upgrade
EPS (Diluted),0.28,0.18,-0.71,-0.66,0.62,1.27,0.98,1.67,0.31,0.86,1.25,0.57,-2.41,0.05,0.13,0.25,0.28,-0.30,0.39,0.37,0.26,0.33,0.09,-0.17,0.50,0.50,0.25,0.45,0.24,0.64,0.15,0.77,0.33,0.36,0.40,0.06,0.21,0.13,0.04,0.34,Upgrade
EPS Growth,-54.84%,-85.83%,-,-,100.00%,47.67%,-21.60%,192.98%,-,1620.00%,861.54%,128.00%,-,-,-66.67%,-32.43%,7.69%,-,333.33%,-,-48.00%,-34.00%,-64.00%,-,108.33%,-21.88%,66.67%,-41.56%,-27.27%,77.78%,-62.50%,1183.33%,57.14%,176.92%,900.00%,-82.35%,-30.00%,-,-,-,Upgrade
Free Cash Flow Per Share,0.29,1.80,1.00,-0.77,-1.82,0.83,-1.56,-0.60,0.43,2.84,-0.25,2.85,0.58,-0.47,-3.81,-0.16,-3.16,-0.39,-1.58,-1.50,-4.11,1.74,0.04,-3.35,3.22,-1.69,-1.38,0.58,1.32,-0.55,0.94,7.55,0.73,-5.27,-3.14,-0.14,1.78,0.84,1.05,0.41,Upgrade
Dividend Per Share,0.330,0.300,0.290,0.290,0.280,0.250,0.240,0.220,0.200,0.180,0.170,0.170,0.340,0.340,0.340,0.340,0.340,0.340,0.340,0.340,0.370,0.340,0.340,0.340,0.340,0.340,0.340,0.340,0.340,0.340,0.340,0.340,0.340,0.340,0.340,0.340,0.340,0.340,0.340,0.340,Upgrade
Dividend Growth,17.86%,20.00%,20.83%,31.82%,40.00%,38.89%,41.18%,29.41%,-41.18%,-47.06%,-50.00%,-50.00%,0%,0%,0%,0%,-8.11%,0%,0%,0%,8.82%,0%,0%,0%,0%,0%,0%,0%,0%,0%,0%,0%,0%,0%,0%,0%,100.00%,-,-,-,Upgrade
Gross Margin,78.07%,77.85%,76.97%,108.93%,71.75%,64.85%,80.62%,76.48%,82.52%,77.20%,79.93%,81.02%,80.88%,75.06%,75.62%,74.42%,75.65%,75.20%,74.07%,73.90%,76.96%,76.05%,73.69%,84.93%,70.46%,74.20%,73.68%,74.67%,76.44%,74.79%,73.62%,79.50%,74.68%,84.11%,79.57%,88.54%,74.78%,75.52%,81.48%,81.26%,Upgrade
Operating Margin,68.78%,68.07%,67.54%,97.69%,60.56%,56.63%,70.54%,65.49%,70.30%,67.44%,78.54%,68.65%,69.11%,65.75%,67.23%,65.93%,67.10%,66.48%,64.50%,65.45%,60.54%,65.16%,64.73%,70.88%,58.84%,62.15%,62.74%,62.02%,63.28%,63.03%,62.63%,67.26%,59.39%,69.94%,65.53%,69.73%,50.70%,53.86%,60.17%,58.88%,Upgrade
Profit Margin,26.65%,17.40%,-71.50%,-84.59%,76.38%,111.90%,124.33%,196.57%,39.79%,102.68%,159.83%,69.74%,-249.88%,5.26%,12.71%,-11.68%,-8.88%,-32.57%,47.16%,48.60%,38.80%,50.05%,12.88%,-28.59%,60.57%,58.75%,32.45%,56.46%,29.06%,69.60%,18.48%,91.59%,42.41%,50.29%,61.88%,11.96%,40.92%,26.53%,9.11%,76.89%,Upgrade
Free Cash Flow Margin,27.70%,172.67%,100.90%,-99.01%,-222.77%,72.63%,-197.60%,-70.05%,55.50%,342.37%,-32.20%,347.46%,59.96%,-46.85%,-367.63%,-16.56%,-342.38%,-41.05%,-191.77%,-194.98%,-608.99%,279.25%,5.10%,-553.30%,388.29%,-199.76%,-181.29%,73.24%,163.15%,-59.83%,118.13%,902.70%,91.97%,-730.84%,-488.59%,-27.82%,342.78%,181.60%,251.78%,92.56%,Upgrade
EBITDA,8.78,7.34,-4.8,-4.78,12.09,21.36,17.45,26.74,9.05,16,21.26,12.64,-27.19,5.02,6.27,2.19,2.41,-1.01,7.62,7.21,5.18,5.78,2.73,-0.89,6.3,6.24,3.76,5.7,3.64,7.54,2.65,10.14,5.06,6.13,4.89,1.6,3.11,2.04,1.19,4.12,Upgrade
EBITDA Margin,61.49%,52.42%,-35.90%,-45.81%,110.43%,139.88%,164.83%,234.22%,86.29%,143.63%,202.76%,115.09%,-211.26%,37.41%,45.27%,16.95%,19.51%,-8.03%,69.39%,70.18%,57.49%,69.73%,29.89%,-11.19%,78.44%,75.99%,51.04%,74.12%,46.36%,84.95%,34.52%,125.40%,66.37%,88.22%,78.83%,34.41%,61.95%,45.71%,29.55%,97.24%,Upgrade
Depreciation & Amortization,0.1,0.1,0.1,0.1,0.1,0.06,0.06,0.06,0.05,0.05,0.05,0.05,0.05,0.05,0.05,0.05,0.05,0.05,0.05,0.05,0.05,0.05,0.05,0.05,0.05,0.05,0.05,0.05,0.05,0.05,0.05,0.05,0.05,0.05,0.05,0.05,0.06,0,0,0,Upgrade
EBIT,8.68,7.24,-4.9,-4.88,11.99,21.3,17.4,26.68,9,15.94,21.21,12.59,-27.24,4.97,6.23,2.14,2.36,-1.06,7.57,7.16,5.13,5.73,2.68,-0.94,6.25,6.19,3.71,5.65,3.59,7.49,2.61,10.09,5.01,6.09,4.84,1.55,3.04,2.04,1.19,4.12,Upgrade
EBIT Margin,60.77%,51.69%,-36.66%,-46.79%,109.49%,139.51%,164.31%,233.72%,85.78%,143.14%,202.24%,114.64%,-211.64%,37.05%,44.93%,16.57%,19.11%,-8.42%,68.95%,69.70%,56.95%,69.15%,29.36%,-11.81%,77.83%,75.39%,50.39%,73.49%,45.74%,84.40%,33.90%,124.80%,65.73%,87.53%,78.04%,33.36%,60.69%,45.71%,29.55%,97.24%,Upgrade
