Metrics,2023-03-31,2022-12-31,2022-09-30,2022-06-30,2022-03-31,2021-12-31,2021-09-30,2021-06-30,2021-03-31,2020-12-31,2020-09-30,2020-06-30,2020-03-31,2019-12-31,2019-09-30,2019-06-30,2019-03-31,2018-12-31,2018-09-30,2018-06-30,2018-03-31,2017-12-31,2017-09-30,2017-06-30,2017-03-31,2016-12-31,2016-09-30,2016-06-30,2016-03-31,2015-12-31,2015-09-30,2015-06-30,2015-03-31,2014-12-31,2014-09-30,2014-06-30,2014-03-31,2013-12-31,2013-09-30,2013-06-30,+25 Quarters
Revenue,36.35,29.96,28.93,23.35,24.34,28.35,23.13,20.49,19.23,18.73,21.28,25.41,27.53,26,27.93,28.11,28.69,27.38,27.62,24.76,27.23,28.67,27.87,31.08,33.71,31.87,32.16,35.54,39.11,35.26,39.12,40.64,42.66,39.2,40.14,35.48,37.88,34.44,31.45,33.72,Upgrade
Revenue Growth (YoY),49.34%,5.69%,25.09%,13.93%,26.55%,51.34%,8.70%,-19.34%,-30.15%,-27.96%,-23.80%,-9.62%,-4.02%,-5.03%,1.09%,13.54%,5.37%,-4.49%,-0.87%,-20.35%,-19.25%,-10.04%,-13.35%,-12.54%,-13.79%,-9.63%,-17.80%,-12.55%,-8.33%,-10.05%,-2.54%,14.56%,12.62%,13.84%,27.65%,5.19%,21.96%,4.49%,2.08%,14.77%,Upgrade
Cost of Revenue,7.57,6.79,4.85,4.89,4.98,7.77,5.16,4.36,4.28,4.11,4.37,4.64,6.79,5.49,4.64,7.12,4.52,7.09,7.05,6.27,6.72,7.49,7.12,6.05,8.38,8.11,7.94,8.59,9.15,8.65,11.61,11.66,12.32,11.67,9.35,11.5,11.03,10.24,9.69,9.83,Upgrade
Gross Profit,28.78,23.17,24.08,18.46,19.36,20.58,17.97,16.14,14.95,14.62,16.91,20.76,20.74,20.52,23.28,20.99,24.17,20.29,20.57,18.49,20.51,21.18,20.75,25.04,25.34,23.76,24.22,26.95,29.96,26.61,27.51,28.98,30.34,27.54,30.79,23.97,26.84,24.2,21.75,23.9,Upgrade
"Selling, General & Admin",1.1,1.11,0.97,0.97,0.97,0.97,0.9,0.9,1.15,1.15,1.15,1.17,1.17,1.17,1.16,1.23,1.22,1.14,1.14,1.15,1.15,1.15,1.55,1.56,1.56,1.56,1.78,1.8,1.84,1.75,0.83,1.71,1.67,1.55,0.57,1.86,1.72,1.69,0.53,1.68,Upgrade
Other Operating Expenses,0,0,0,0,0,0,0,0,0,0,2.18,0,0,0,0,0,2.16,0,0,0,0,0,0,0,0,0,0,0,0,0,0,0,0,0,0,0,0,0,0,0,Upgrade
Operating Expenses,1.1,1.11,0.97,0.97,0.97,0.97,0.9,0.9,1.15,1.15,3.33,1.17,1.17,1.17,1.16,1.23,3.39,1.14,1.14,1.15,1.15,1.15,1.55,1.56,1.56,1.56,1.78,1.8,1.84,1.75,0.83,1.71,1.67,1.55,0.57,1.86,1.72,1.69,0.53,1.68,Upgrade
Operating Income,27.68,22.06,23.11,17.49,18.39,19.61,17.07,15.24,13.8,13.47,13.58,19.6,19.57,19.35,22.13,19.76,20.78,19.15,19.43,17.34,19.36,20.03,19.2,23.48,23.77,22.2,22.43,25.15,28.12,24.86,26.69,27.27,28.66,25.99,30.22,22.11,25.13,22.51,21.22,22.22,Upgrade
Interest Expense / Income,10.59,9.73,8.64,6.74,6.5,6.89,5.67,6.94,4.89,5,6.02,8.32,8.96,8.87,7.82,7.81,7.03,6.28,5.45,5.57,5.94,5.86,6,6.72,7.18,6.74,6.93,7.01,6.94,6.73,6.66,6.62,6.57,6.52,5.55,5.03,5.1,4.56,4.09,4.21,Upgrade
Other Expense / Income,11.77,82.23,49.2,29.03,8.53,-12.99,-13.86,-23.74,-29.73,-62.82,-2.25,-4.63,70.6,-9.02,5.74,6.02,18.2,5.8,1.5,-5.13,7.38,1.87,5.34,-2.45,4.71,-9.01,-12.55,-10.04,16.88,57.59,18.65,15.72,14.72,43.42,25.74,-14.9,-20.65,-21.5,-5.38,4.19,Upgrade
Pretax Income,5.32,-69.89,-34.73,-18.28,3.36,25.71,25.26,32.03,38.65,71.28,9.81,15.91,-59.99,19.5,8.56,5.93,-4.45,7.08,12.47,16.91,6.04,12.3,7.85,19.2,11.88,24.47,28.06,28.18,4.3,-39.46,1.39,4.94,7.38,-23.95,-1.07,31.98,40.68,39.45,22.51,13.82,Upgrade
Income Tax,0.45,2,0.2,0.2,0.2,0.2,0.15,0.15,0.15,0.15,0.3,0.3,0.3,0.3,0.3,0.3,0.3,0.3,0,0,0,0,0.43,0.43,0.43,0.43,0.35,0.35,0.35,1.3,0,0,0,0,0.03,0.03,0,0,0.03,0.03,Upgrade
Net Income,4.87,-71.89,-34.93,-18.48,3.16,25.51,25.11,31.88,38.5,71.13,9.51,15.61,-60.29,19.2,8.26,5.63,-4.75,6.78,12.47,16.91,6.04,12.3,7.42,18.78,11.46,24.05,27.71,27.83,3.95,-40.76,1.39,4.94,7.38,-23.95,-1.1,31.95,40.68,39.45,22.48,13.79,Upgrade
Net Income Growth,54.18%,-,-,-,-91.79%,-64.14%,164.12%,104.18%,-,270.44%,15.03%,177.39%,-,183.30%,-33.74%,-66.71%,-,-44.87%,68.02%,-9.95%,-47.34%,-48.87%,-73.21%,-32.53%,190.14%,-,1900.11%,463.88%,-46.47%,-,-,-84.55%,-81.86%,-,-,131.76%,50.83%,38.24%,27.07%,303.12%,Upgrade
Shares Outstanding (Basic),65,65,65,66,67,67,67,67,67,67,67,67,67,67,67,67,68,69,70,71,71,71,71,71,71,71,71,71,72,73,74,75,75,75,67,67,67,67,66,66,Upgrade
Shares Change,-2.72%,-2.72%,-2.43%,-1.36%,-,-,-,-,-,-,-,-,-1.44%,-2.91%,-4.20%,-5.65%,-4.27%,-2.82%,-1.51%,-,-,-,-,-,-0.95%,-2.61%,-4.31%,-5.37%,-4.46%,-2.83%,11.51%,12.80%,12.80%,12.84%,0.14%,0.18%,0.25%,0.29%,17.67%,17.89%,Upgrade
EPS (Basic),0.07,-1.10,-0.52,-0.28,0.05,0.38,0.38,0.48,0.57,1.06,0.14,0.23,-0.90,0.29,0.13,0.08,-0.07,0.10,0.18,0.24,0.08,0.18,0.10,0.26,0.16,0.34,0.38,0.39,0.06,-0.56,0.02,0.07,0.10,-0.32,-0.02,0.48,0.61,0.59,0.34,0.21,Upgrade
EPS (Diluted),0.07,-1.10,-0.52,-0.28,0.05,0.38,0.38,0.48,0.57,1.06,0.14,0.23,-0.90,0.29,0.13,0.08,-0.07,0.10,0.18,0.24,0.08,0.18,0.10,0.26,0.16,0.34,0.38,0.39,0.06,-0.56,0.02,0.07,0.10,-0.32,-0.02,0.48,0.61,0.59,0.34,0.21,Upgrade
EPS Growth,40.00%,-,-,-,-91.23%,-64.15%,171.43%,108.70%,-,265.52%,7.69%,187.50%,-,190.00%,-27.78%,-66.67%,-,-44.44%,80.00%,-7.69%,-50.00%,-47.06%,-73.68%,-33.33%,166.67%,-,1800.00%,457.14%,-40.00%,-,-,-85.42%,-83.61%,-,-,128.57%,48.78%,34.09%,6.25%,250.00%,Upgrade
Free Cash Flow Per Share,1.06,-0.15,1.19,-2.83,3.98,-2.65,-1.31,0.73,0.17,0.52,0.40,0.93,-2.20,-1.06,0.98,-0.38,-1.22,-0.56,-1.52,-0.32,1.88,0.88,-0.32,1.56,1.26,-1.52,1.74,0.34,0.15,-0.01,-0.52,0.63,0.75,-0.82,-1.86,1.27,-0.44,-1.56,0.44,1.12,Upgrade
Dividend Per Share,0.185,0.165,0.150,0.145,0.140,0.120,0.120,0.120,0.120,0.120,0.120,0.120,0.180,0.180,0.180,0.180,0.180,0.180,0.180,0.180,0.180,0.180,0.180,0.180,0.180,0.280,0.280,0.280,0.280,0.280,0.280,0.280,0.280,0.280,0.280,0.280,0.280,0.280,0.280,0.280,Upgrade
Dividend Growth,32.14%,37.50%,25.00%,20.83%,16.67%,0%,0%,0%,-33.33%,-33.33%,-33.33%,-33.33%,0%,0%,0%,0%,0%,0%,0%,0%,0%,-35.71%,-35.71%,-35.71%,-35.71%,0%,0%,0%,0%,0%,0%,0%,0%,0%,0%,0%,0%,0%,0%,0%,Upgrade
Gross Margin,79.17%,77.33%,83.24%,79.07%,79.53%,72.61%,77.71%,78.73%,77.74%,78.04%,79.46%,81.72%,75.33%,78.90%,83.38%,74.66%,84.25%,74.12%,74.48%,74.67%,75.32%,73.86%,74.47%,80.54%,75.15%,74.57%,75.31%,75.82%,76.61%,75.46%,70.32%,71.31%,71.11%,70.24%,76.71%,67.58%,70.87%,70.28%,69.17%,70.86%,Upgrade
Operating Margin,76.14%,73.63%,79.87%,74.90%,75.54%,69.17%,73.82%,74.35%,71.77%,71.90%,63.80%,77.14%,71.08%,74.42%,79.24%,70.28%,72.44%,69.95%,70.34%,70.04%,71.10%,69.85%,68.89%,75.52%,70.51%,69.66%,69.76%,70.76%,71.91%,70.49%,68.21%,67.10%,67.19%,66.30%,75.28%,62.33%,66.34%,65.38%,67.48%,65.89%,Upgrade
Profit Margin,13.40%,-239.94%,-120.73%,-79.15%,12.98%,89.99%,108.56%,155.57%,200.15%,379.74%,44.67%,61.45%,-218.97%,73.85%,29.59%,20.02%,-16.55%,24.76%,45.15%,68.30%,22.17%,42.89%,26.64%,60.41%,33.99%,75.46%,86.16%,78.31%,10.10%,-115.57%,3.54%,12.15%,17.30%,-61.08%,-2.74%,90.06%,107.40%,114.57%,71.48%,40.88%,Upgrade
Free Cash Flow Margin,189.54%,-32.06%,269.89%,-801.94%,1097.43%,-625.60%,-379.67%,238.88%,60.98%,187.05%,124.57%,246.06%,-534.95%,-274.28%,234.96%,-90.65%,-288.01%,-141.09%,-386.40%,-90.72%,491.28%,217.62%,-82.28%,357.09%,265.52%,-339.96%,384.02%,68.52%,27.40%,-2.44%,-98.24%,115.60%,131.98%,-157.73%,-309.11%,239.01%,-77.05%,-302.14%,92.79%,220.12%,Upgrade
Effective Tax Rate,8.46%,-,-,-,5.95%,0.78%,0.59%,0.47%,0.39%,0.21%,3.06%,1.89%,-,1.54%,3.50%,5.06%,-,4.24%,-,-,-,-,5.41%,2.21%,3.58%,1.74%,1.25%,1.24%,8.14%,-,-,-,-,-,-,0.10%,-,-,0.13%,0.24%,Upgrade
EBITDA,15.91,-60.17,-26.09,-11.54,9.86,32.6,30.93,38.97,43.54,76.29,15.83,24.23,-51.03,28.37,16.39,13.74,2.59,13.36,17.93,22.48,11.98,18.15,13.85,25.93,19.06,31.21,34.99,35.19,11.24,-32.73,8.04,11.55,13.95,-17.43,4.48,37.02,45.78,44.01,26.6,18.03,Upgrade
EBITDA Margin,43.77%,-200.80%,-90.18%,-49.44%,40.50%,114.98%,133.72%,190.17%,226.36%,407.25%,74.39%,95.37%,-185.33%,109.10%,58.69%,48.86%,9.01%,48.78%,64.90%,90.77%,43.99%,63.32%,49.71%,83.41%,56.54%,97.93%,108.79%,99.01%,28.75%,-92.81%,20.55%,28.43%,32.69%,-44.46%,11.17%,104.34%,120.86%,127.81%,84.58%,53.46%,Upgrade
EBIT,15.91,-60.17,-26.09,-11.54,9.86,32.6,30.93,38.97,43.54,76.29,15.83,24.23,-51.03,28.37,16.39,13.74,2.59,13.36,17.93,22.48,11.98,18.15,13.85,25.93,19.06,31.21,34.99,35.19,11.24,-32.73,8.04,11.55,13.95,-17.43,4.48,37.02,45.78,44.01,26.6,18.03,Upgrade
EBIT Margin,43.77%,-200.80%,-90.18%,-49.44%,40.50%,114.98%,133.72%,190.17%,226.36%,407.25%,74.39%,95.37%,-185.33%,109.10%,58.69%,48.86%,9.01%,48.78%,64.90%,90.77%,43.99%,63.32%,49.71%,83.41%,56.54%,97.93%,108.79%,99.01%,28.75%,-92.81%,20.55%,28.43%,32.69%,-44.46%,11.17%,104.34%,120.86%,127.81%,84.58%,53.46%,Upgrade
