Metrics,2023-03-31,2022-12-31,2022-09-30,2022-06-30,2022-03-31,2021-12-31,2021-09-30,2021-06-30,2021-03-31,2020-12-31,2020-09-30,2020-06-30,2020-03-31,2019-12-31,2019-09-30,2019-06-30,2019-03-31,2018-12-31,2018-09-30,2018-06-30,2018-03-31,2017-12-31,2017-09-30,2017-06-30,2017-03-31,2016-12-31,2016-09-30,2016-06-30,2016-03-31,2015-12-31,2015-09-30,2015-06-30,2015-03-31,2014-12-31,2014-09-30,2014-06-30,2014-03-31,2013-12-31,2013-09-30,2013-06-30,+48 Quarters
Revenue,155.47,222.85,244.81,258.26,240.61,256.94,263.7,285.63,289.47,273.86,267.86,271.91,251.78,256.54,245.88,250.86,239.78,215.36,217.6,218.68,223.18,208.41,201.01,200.33,206.56,156.8,221.98,228.46,224.88,230.19,229.43,237.2,245.21,250.73,238.97,197.34,193.92,184.85,197.76,182.96,Upgrade
Revenue Growth (YoY),-35.38%,-13.27%,-7.16%,-9.58%,-16.88%,-6.18%,-1.56%,5.05%,14.97%,6.75%,8.94%,8.39%,5.01%,19.12%,12.99%,14.71%,7.44%,3.34%,8.25%,9.16%,8.05%,32.91%,-9.45%,-12.31%,-8.15%,-31.88%,-3.25%,-3.69%,-8.29%,-8.19%,-3.99%,20.20%,26.45%,35.64%,20.84%,7.86%,14.37%,19.84%,31.39%,23.72%,Upgrade
Gross Profit,155.47,222.85,244.81,258.26,240.61,256.94,263.7,285.63,289.47,273.86,267.86,271.91,251.78,256.54,245.88,250.86,239.78,215.36,217.6,218.68,223.18,208.41,201.01,200.33,206.56,156.8,221.98,228.46,224.88,230.19,229.43,237.2,245.21,250.73,238.97,197.34,193.92,184.85,197.76,182.96,Upgrade
"Selling, General & Admin",172.48,146.79,157.13,157.92,152.86,153.72,166.46,162.51,161.72,165.7,163.14,146.03,174.96,169.43,165.04,171.85,174.78,165.03,158.11,147.22,152.46,133.8,131.78,135.93,137.2,135.15,137.8,138.34,137.27,143.4,130.93,133.79,134.85,139.6,128.52,111.55,110.84,94.63,101.6,98.66,Upgrade
Other Operating Expenses,16.63,16.75,16.89,16.61,15.78,20.77,19.66,18.91,17,18.94,16.06,14.6,16.29,16.32,16.15,15.65,16.16,18.12,15.38,16.15,17.11,16.7,14.98,16.09,16.1,13.04,16.7,17.36,16.72,15.61,44.38,14.53,14.19,1.28,22.27,13.36,11.5,11.88,16.7,10.47,Upgrade
Operating Expenses,189.11,163.54,174.02,174.53,168.64,174.49,186.12,181.42,178.72,184.64,179.2,160.63,191.24,185.75,181.19,187.5,190.93,183.15,173.49,163.37,169.57,150.5,146.76,152.02,153.3,148.19,154.5,155.7,153.99,159.01,175.3,148.32,149.04,140.87,150.78,124.91,122.34,106.51,118.29,109.14,Upgrade
Operating Income,-33.64,59.31,70.79,83.74,71.97,82.45,77.58,104.21,110.75,89.22,88.67,111.28,60.54,70.78,64.69,63.37,48.85,32.21,44.12,55.32,53.61,57.91,54.25,48.32,53.26,8.61,67.49,72.76,70.89,71.17,54.13,88.88,96.17,109.86,88.19,72.44,71.58,78.35,79.47,73.83,Upgrade
Interest Expense / Income,38.28,34.91,32.46,31.56,31.75,32.16,29.6,30.84,31.55,35.39,33.69,35.42,37.21,36.05,35.86,36.03,33.98,33.55,30.62,31.12,25.78,28.38,25.9,22.51,21.26,21.03,19.31,20.57,19.96,15.32,16.79,13.45,14.78,13.49,11.81,5.07,4.86,4.86,4,2.92,Upgrade
Other Expense / Income,5.39,1.48,2.53,1.51,-4.33,3.07,0.87,5.46,3.47,7.56,4.99,3.81,1.09,3.32,-2.81,3.64,-4.23,-18.26,1.78,0.75,0.59,4.32,2.12,3.37,-47.58,10.74,-2.79,-1.62,2.72,-0.28,3.35,-3.58,-6.79,2.9,-3.26,6.2,-0.01,-0,1.87,-0.19,Upgrade
Pretax Income,-77.31,22.92,35.8,50.66,44.55,47.22,47.11,67.92,75.73,46.27,49.99,72.05,22.24,31.41,31.64,23.69,19.09,16.92,11.72,23.45,27.24,25.21,26.24,22.44,79.58,-23.16,50.97,53.8,48.22,56.13,33.99,79.01,88.18,93.47,79.64,61.17,66.73,73.49,73.6,71.09,Upgrade
Income Tax,-18.68,6.96,11.07,14.18,4.58,12.95,12.63,11.92,17.32,16.47,7.5,14.14,3.1,4.07,6.67,5.08,3.87,1.98,1.79,3.86,6.14,-63.71,10.68,10.77,31.41,-6.67,16.66,17.35,16.23,15.16,16.6,27.59,30.04,46.48,28.47,23.67,25.89,27.71,26.26,27.49,Upgrade
Net Income,-58.63,15.96,24.73,36.48,39.97,34.28,34.48,56,58.41,29.8,42.49,57.91,19.14,27.34,24.97,18.62,15.23,14.94,9.93,19.59,21.11,88.92,15.56,11.67,48.17,-16.49,34.31,36.46,31.98,40.97,17.4,51.43,58.14,46.99,51.17,37.51,40.84,45.78,47.34,43.6,Upgrade
Net Income Growth,-,-53.44%,-28.27%,-34.85%,-31.56%,15.03%,-18.86%,-3.31%,205.23%,8.99%,70.17%,211.05%,25.66%,82.98%,151.55%,-4.95%,-27.85%,-83.20%,-36.18%,67.81%,-56.18%,-,-54.66%,-67.98%,50.60%,-,97.21%,-29.11%,-44.98%,-12.81%,-66.00%,37.11%,42.35%,2.65%,8.09%,-13.97%,5.80%,27.86%,42.10%,36.18%,Upgrade
Shares Outstanding (Basic),39,39,39,40,41,43,45,46,46,46,46,46,45,45,45,45,45,45,45,45,45,45,45,46,46,46,46,46,46,47,48,48,49,50,50,50,50,50,50,51,Upgrade
Shares Outstanding (Diluted),39,39,39,40,41,44,46,46,46,46,46,46,46,46,46,45,45,45,45,45,45,45,45,46,47,46,46,46,46,48,48,49,49,50,50,50,50,50,51,51,Upgrade
Shares Change,-5.50%,-10.06%,-14.21%,-13.37%,-10.30%,-4.32%,-1.05%,0.16%,0.57%,-0.48%,1.08%,1.08%,0.80%,0.78%,0.45%,0.10%,0.11%,0.16%,0.34%,-1.33%,-2.70%,-2.21%,-2.47%,-0.74%,0.55%,-2.52%,-4.26%,-4.38%,-5.46%,-5.76%,-3.85%,-3.78%,-2.60%,0.14%,-0.44%,-1.46%,-1.77%,-1.64%,-0.80%,-0.42%,Upgrade
EPS (Basic),-1.50,0.42,0.63,0.92,0.98,0.80,0.76,1.22,1.28,0.65,0.93,1.27,0.42,0.60,0.55,0.41,0.34,0.33,0.22,0.43,0.47,1.96,0.34,0.25,1.04,-0.36,0.74,0.79,0.69,0.87,0.36,1.06,1.19,0.94,1.02,0.75,0.82,0.92,0.94,0.86,Upgrade
EPS (Diluted),-1.50,0.42,0.63,0.91,0.97,0.80,0.76,1.22,1.27,0.66,0.92,1.26,0.42,0.60,0.55,0.41,0.34,0.33,0.22,0.43,0.47,1.95,0.34,0.25,1.03,-0.35,0.74,0.79,0.69,0.86,0.36,1.06,1.19,0.93,1.01,0.74,0.81,0.91,0.93,0.85,Upgrade
EPS Growth,-,-47.50%,-17.11%,-25.41%,-23.62%,21.21%,-17.39%,-3.17%,202.38%,10.00%,67.27%,207.32%,23.53%,81.82%,150.00%,-4.65%,-27.66%,-83.08%,-35.29%,72.00%,-54.37%,-,-54.05%,-68.35%,49.28%,-,105.56%,-25.47%,-42.02%,-7.53%,-64.36%,43.24%,46.91%,2.20%,8.60%,-12.94%,8.00%,31.88%,43.08%,37.10%,Upgrade
Free Cash Flow Per Share,-1.23,0.58,0.92,-0.59,-0.65,0.98,0.31,-0.01,0.39,0.13,0.14,1.60,0.86,1.31,0.67,0.33,0.23,0.20,0.70,-0.16,0.59,0.09,0.21,-1.11,0.64,1.82,0.72,1.45,0.15,1.56,0.51,0.62,1.25,1.76,1.21,1.05,0.86,0.95,1.43,0.69,Upgrade
Gross Margin,100.00%,100.00%,100.00%,100.00%,100.00%,100.00%,100.00%,100.00%,100.00%,100.00%,100.00%,100.00%,100.00%,100.00%,100.00%,100.00%,100.00%,100.00%,100.00%,100.00%,100.00%,100.00%,100.00%,100.00%,100.00%,100.00%,100.00%,100.00%,100.00%,100.00%,100.00%,100.00%,100.00%,100.00%,100.00%,100.00%,100.00%,100.00%,100.00%,100.00%,Upgrade
Operating Margin,-21.64%,26.61%,28.92%,32.42%,29.91%,32.09%,29.42%,36.49%,38.26%,32.58%,33.10%,40.93%,24.04%,27.59%,26.31%,25.26%,20.37%,14.96%,20.27%,25.29%,24.02%,27.79%,26.99%,24.12%,25.78%,5.49%,30.40%,31.85%,31.52%,30.92%,23.59%,37.47%,39.22%,43.82%,36.90%,36.71%,36.91%,42.38%,40.18%,40.35%,Upgrade
Profit Margin,-37.71%,7.16%,10.10%,14.13%,16.61%,13.34%,13.08%,19.60%,20.18%,10.88%,15.86%,21.30%,7.60%,10.66%,10.16%,7.42%,6.35%,6.94%,4.56%,8.96%,9.46%,42.67%,7.74%,5.83%,23.32%,-10.52%,15.45%,15.96%,14.22%,17.80%,7.58%,21.68%,23.71%,18.74%,21.41%,19.01%,21.06%,24.76%,23.94%,23.83%,Upgrade
Free Cash Flow Margin,-30.83%,10.08%,14.65%,-9.09%,-11.01%,16.43%,5.30%,-0.11%,6.16%,2.20%,2.45%,26.75%,15.56%,23.21%,12.40%,5.91%,4.36%,4.19%,14.61%,-3.29%,11.97%,2.01%,4.82%,-25.44%,14.38%,53.81%,15.09%,29.36%,3.03%,31.96%,10.65%,12.55%,24.78%,34.94%,25.35%,26.61%,22.09%,25.47%,36.14%,19.15%,Upgrade
Effective Tax Rate,-,30.36%,30.92%,27.98%,10.28%,27.42%,26.80%,17.55%,22.87%,35.60%,15.00%,19.62%,13.94%,12.97%,21.07%,21.42%,20.25%,11.70%,15.27%,16.45%,22.53%,-252.70%,40.71%,47.98%,39.47%,-,32.69%,32.24%,33.67%,27.01%,48.82%,34.91%,34.07%,49.73%,35.75%,38.69%,38.80%,37.71%,35.68%,38.67%,Upgrade
EBITDA,-35.44,61.69,72,86.09,80.08,83.12,80.43,102.57,111.26,87.63,87.98,111.58,63.53,71.58,71.55,64.44,57.65,55.56,47.12,59.09,57.95,58.26,56.98,49.99,106.05,3.89,76.46,80.46,74.24,76.39,56.19,97.38,107.57,112.27,96.4,70.45,75.54,82.11,81.35,77.55,Upgrade
EBITDA Margin,-22.80%,27.68%,29.41%,33.33%,33.28%,32.35%,30.50%,35.91%,38.44%,32.00%,32.85%,41.03%,25.23%,27.90%,29.10%,25.69%,24.04%,25.80%,21.65%,27.02%,25.97%,27.95%,28.35%,24.95%,51.34%,2.48%,34.45%,35.22%,33.01%,33.19%,24.49%,41.05%,43.87%,44.78%,40.34%,35.70%,38.95%,44.42%,41.13%,42.38%,Upgrade
Depreciation & Amortization,3.59,3.86,3.74,3.87,3.78,3.74,3.72,3.82,3.98,5.97,4.3,4.11,4.08,4.12,4.05,4.72,4.57,5.09,4.78,4.53,4.93,4.67,4.84,5.04,5.22,6.02,6.18,6.09,6.07,4.94,5.41,4.92,4.61,5.31,4.95,4.21,3.95,3.76,3.75,3.53,Upgrade
EBIT,-39.03,57.83,68.26,82.22,76.3,79.38,76.71,98.75,107.28,81.66,83.68,107.47,59.45,67.46,67.5,59.72,53.08,50.47,42.34,54.57,53.02,53.59,52.14,44.95,100.83,-2.13,70.28,74.37,68.17,71.46,50.78,92.46,102.96,106.96,91.45,66.24,71.59,78.35,77.6,74.01,Upgrade
EBIT Margin,-25.10%,25.95%,27.88%,31.84%,31.71%,30.89%,29.09%,34.57%,37.06%,29.82%,31.24%,39.52%,23.61%,26.30%,27.45%,23.81%,22.13%,23.44%,19.46%,24.95%,23.76%,25.71%,25.94%,22.44%,48.82%,-1.36%,31.66%,32.55%,30.32%,31.04%,22.13%,38.98%,41.99%,42.66%,38.27%,33.57%,36.92%,42.39%,39.24%,40.45%,Upgrade
