Metrics,2023-03-31,2022-12-31,2022-09-30,2022-06-30,2022-03-31,2021-12-31,2021-09-30,2021-06-30,2021-03-31,2020-12-31,2020-09-30,2020-06-30,2020-03-31,2019-12-31,2019-09-30,2019-06-30,2019-03-31,2018-12-31,2018-09-30,2018-06-30,2018-03-31,2017-12-31,2017-09-30,2017-06-30,2017-03-31,2016-12-31,2016-09-30,2016-06-30,2016-03-31,2015-12-31,2015-09-30,2015-06-30,2015-03-31,2014-12-31,2014-09-30,2014-06-30,2014-03-31,2013-12-31,2013-09-30,2013-06-30,+36 Quarters
Revenue,215.12,212.92,202.67,184.62,181.43,175.38,169.47,157.34,159.46,172.29,142.88,145.23,154.5,161.92,161.88,164.35,171.11,187.88,180.42,174.03,162.84,162.4,158.58,166.7,171.03,183.48,179.83,193.04,189.49,209.19,200.25,198.83,191.35,198.88,202.02,182.84,190.33,178.09,161.03,166.47,Upgrade
Revenue Growth (YoY),18.57%,21.41%,19.59%,17.34%,13.78%,1.79%,18.61%,8.34%,3.21%,6.41%,-11.74%,-11.64%,-9.71%,-13.82%,-10.28%,-5.56%,5.08%,15.69%,13.77%,4.40%,-4.79%,-11.49%,-11.82%,-13.64%,-9.74%,-12.29%,-10.20%,-2.91%,-0.97%,5.18%,-0.88%,8.75%,0.54%,11.68%,25.45%,9.83%,58.35%,7.26%,30.25%,62.12%,Upgrade
Cost of Revenue,59.54,61.39,59.94,58.09,56.39,53.43,51.94,48.63,47.43,48.55,41.24,42.48,43.74,44.51,46.23,46.56,48.86,53.39,51.25,48.93,46.88,47.86,46.1,48.07,48.82,51.99,50.52,53.65,52.88,57.01,55.76,56.09,55.54,56.87,56.78,53.2,53.34,48.13,43.63,44.32,Upgrade
Gross Profit,155.58,151.53,142.73,126.53,125.04,121.94,117.53,108.71,112.02,123.74,101.64,102.75,110.76,117.4,115.66,117.8,122.25,134.49,129.18,125.11,115.96,114.54,112.48,118.64,122.21,131.49,129.31,139.39,136.61,152.19,144.49,142.74,135.81,142.02,145.24,129.64,136.99,129.96,117.41,122.15,Upgrade
"Selling, General & Admin",6.11,3.42,6.5,3.19,4.67,4.47,3.6,1.92,3.16,5.03,5.39,5.06,0.54,6.45,2.2,4.7,3.96,7.38,2.74,4.32,4.84,2.83,4.19,4.62,4.09,3.58,5.19,2.05,3.93,7.09,7.11,3.53,3.44,3.08,4.27,10.24,1.15,2.97,2.14,1.52,Upgrade
Other Operating Expenses,9.77,3.62,3.1,2.91,4.13,2.24,4.53,3.49,2.69,3.43,4.66,4.65,4.1,6.01,3.49,3.75,2.08,5.64,3.37,4.13,3.2,-0.82,3.53,3.48,3.58,2.66,3.53,4.13,3.34,2,4.18,6.4,2.71,5.37,3.6,-6.44,5.57,5.53,5.52,2.97,Upgrade
Operating Expenses,15.88,7.04,9.6,6.1,8.8,6.71,8.12,5.41,5.85,8.45,10.05,9.71,4.64,12.46,5.7,8.45,6.05,13.03,6.11,8.45,8.03,2,7.72,8.09,7.67,6.24,8.72,6.18,7.27,9.09,11.29,9.93,6.16,8.45,7.86,3.8,6.72,8.49,7.66,4.49,Upgrade
Operating Income,139.7,144.49,133.14,120.43,116.24,115.24,109.41,103.3,106.18,115.29,91.59,93.04,106.12,104.94,109.96,109.35,116.21,121.47,123.07,116.66,107.93,112.54,104.77,110.55,114.54,125.25,120.59,133.21,129.35,143.1,133.2,132.81,129.65,133.57,137.38,125.84,130.27,121.47,109.74,117.66,Upgrade
Interest Expense / Income,37.52,37.78,33.87,30.46,29.24,29.68,28.04,30.07,32.77,33.73,34.05,34.77,37.65,37.06,38.9,39.72,38.95,40.66,37.91,37.18,37.48,39.35,41.04,40.87,41.46,40.85,41.67,41.84,41.72,42.21,41.96,43.29,42.21,42.24,42.91,41.69,31.75,29.26,27.41,25.56,Upgrade
Other Expense / Income,191.19,34.43,191.71,137.43,-77.29,-168.06,-130.76,-170.46,-173.01,-224.41,-110.2,-104.34,254.18,79.09,53,30.74,-11.93,148.2,1.36,-34.82,18.59,-48.54,51.76,18.51,53.59,-16.48,-2.45,-3.79,12.12,196.01,63.43,-5.25,5.95,5.36,10.36,12.49,16.42,6.85,2.44,9.41,Upgrade
Pretax Income,-89.01,72.28,-92.44,-47.46,164.3,253.61,212.13,243.69,246.41,305.97,167.75,162.61,-185.7,-11.2,18.07,38.89,89.2,-67.39,83.8,114.3,51.86,121.73,11.97,51.17,19.49,100.88,81.37,95.16,75.51,-95.12,27.82,94.77,81.49,85.97,84.11,71.66,82.1,85.36,79.9,82.69,Upgrade
Net Income,-89.01,72.28,-92.44,-47.46,164.3,253.61,212.13,243.69,246.41,305.97,167.75,162.61,-185.7,-11.2,18.07,38.89,89.2,-67.39,83.8,114.3,51.86,121.73,11.97,51.17,19.49,100.88,81.37,95.16,75.51,-95.12,27.82,94.77,81.49,85.97,84.11,71.66,82.1,85.36,79.9,82.69,Upgrade
Preferred Dividends,19.93,16.65,12.76,9.19,7.14,7.2,2.41,1.27,0.4,0.05,0,0,0,0,0,0,0,0,0,0,0,0,0,0,0,0,0,0,0,0,0,0,0,0,0,0,0,0,0,0,Upgrade
Net Income Common,-108.95,55.62,-105.2,-56.64,157.16,246.41,209.72,242.42,246.01,305.92,167.75,162.61,-185.7,-11.2,18.07,38.89,89.2,-67.39,83.8,114.3,51.86,121.73,11.97,51.17,19.49,100.88,81.37,95.16,75.51,-95.12,27.82,94.77,81.49,85.97,84.11,71.66,82.1,85.36,79.9,82.69,Upgrade
Net Income Growth,-,-77.43%,-,-,-36.12%,-19.45%,25.02%,49.08%,-,-,828.57%,318.18%,-,-,-78.44%,-65.98%,72.00%,-,599.87%,123.39%,166.05%,20.67%,-85.29%,-46.23%,-74.19%,-,192.50%,0.41%,-7.34%,-,-66.93%,32.25%,-0.74%,0.71%,5.27%,-13.34%,84.79%,83.62%,69.10%,127.77%,Upgrade
Shares Outstanding (Basic),400,398,394,392,391,390,389,388,386,381,376,370,368,367,367,366,367,365,365,363,362,360,360,360,359,358,358,356,356,355,355,359,358,353,343,342,310,284,260,207,Upgrade
Shares Outstanding (Diluted),400,547,394,475,433,418,409,397,389,382,376,370,368,367,-,-,-,-,-,-,-,-,-,-,-,-,-,-,-,-,-,-,-,-,-,-,-,-,-,-,Upgrade
Shares Change,-7.64%,30.96%,-3.60%,19.72%,11.14%,9.46%,8.82%,7.32%,5.91%,3.91%,2.35%,1.10%,0.27%,0.54%,0.64%,0.75%,1.43%,1.41%,1.32%,0.92%,0.62%,0.57%,0.70%,0.98%,1.01%,0.89%,0.69%,-0.66%,-0.75%,0.74%,3.62%,4.79%,15.48%,24.07%,32.03%,65.35%,37.58%,35.67%,56.21%,81.01%,Upgrade
EPS (Basic),-0.27,0.14,-0.27,-0.14,0.40,0.63,0.54,0.62,0.64,0.80,0.45,0.45,-0.51,-0.03,0.05,0.10,0.24,-0.18,0.23,0.32,0.14,0.34,0.03,0.14,0.05,0.28,0.23,0.27,0.21,-0.27,0.08,0.27,0.23,0.24,0.24,0.20,0.26,0.30,0.31,0.36,Upgrade
EPS (Diluted),-0.27,0.14,-0.27,-0.14,0.40,0.63,0.54,0.62,0.64,0.80,0.45,0.45,-0.51,-0.03,0.05,0.10,0.24,-0.18,0.23,0.32,0.14,0.34,0.03,0.14,0.05,0.28,0.23,0.27,0.21,-0.27,0.08,0.27,0.23,0.24,0.24,0.20,0.26,0.30,0.31,0.36,Upgrade
EPS Growth,-,-77.78%,-,-,-37.50%,-21.25%,20.00%,37.78%,-,-,800.00%,350.00%,-,-,-78.26%,-68.75%,71.43%,-,666.67%,128.57%,180.00%,21.43%,-86.96%,-48.15%,-76.19%,-,187.50%,0%,-8.70%,-,-66.67%,35.00%,-11.54%,-20.00%,-22.58%,-44.44%,30.00%,25.00%,6.90%,28.57%,Upgrade
Free Cash Flow Per Share,0.24,-0.30,-0.20,-0.52,-0.74,-0.75,-0.03,-0.26,0.10,0.23,0.01,0.23,-0.19,0.51,0.61,0.14,0.68,0.44,-0.65,0.30,-0.67,1.11,0.28,0.84,-0.15,0.51,-0.15,0.61,0.65,0.48,0.69,0.37,-0.17,-0.36,0.28,-0.52,-3.51,-0.78,-0.91,-1.82,Upgrade
Dividend Per Share,0.180,0.180,0.180,0.180,0.180,0.180,0.180,0.180,0.180,0.180,0.180,0.180,0.180,0.180,0.180,0.180,0.180,0.180,0.180,0.180,0.180,0.180,0.227,0.250,0.250,0.250,0.250,0.250,0.250,0.250,0.249,0.249,0.277,0.333,0.332,0.331,0.331,0.331,0.331,0.330,Upgrade
Dividend Growth,0%,0%,0%,0%,0%,0%,0%,0%,0%,0%,0%,0%,0%,0%,0%,0%,0%,0%,-20.70%,-28.00%,-28.00%,-28.00%,-9.20%,0%,0%,0%,0.40%,0.40%,-9.75%,-24.92%,-25.00%,-24.77%,-16.31%,0.60%,0.30%,0.30%,0.30%,56.13%,8.52%,8.20%,Upgrade
Gross Margin,72.32%,71.17%,70.43%,68.53%,68.92%,69.53%,69.35%,69.09%,70.25%,71.82%,71.14%,70.75%,71.69%,72.51%,71.44%,71.67%,71.45%,71.58%,71.60%,71.89%,71.21%,70.53%,70.93%,71.17%,71.46%,71.67%,71.91%,72.21%,72.09%,72.75%,72.15%,71.79%,70.98%,71.41%,71.89%,70.90%,71.97%,72.97%,72.91%,73.37%,Upgrade
Operating Margin,64.94%,67.86%,65.69%,65.23%,64.07%,65.71%,64.56%,65.65%,66.59%,66.91%,64.11%,64.06%,68.69%,64.81%,67.92%,66.53%,67.91%,64.65%,68.21%,67.03%,66.28%,69.30%,66.07%,66.31%,66.97%,68.27%,67.06%,69.00%,68.26%,68.41%,66.52%,66.79%,67.76%,67.16%,68.00%,68.83%,68.45%,68.21%,68.15%,70.68%,Upgrade
Profit Margin,-50.64%,26.12%,-51.91%,-30.68%,86.62%,140.50%,123.75%,154.08%,154.28%,177.56%,117.40%,111.97%,-120.19%,-6.92%,11.16%,23.66%,52.13%,-35.87%,46.44%,65.68%,31.85%,74.96%,7.55%,30.69%,11.40%,54.98%,45.25%,49.29%,39.85%,-45.47%,13.89%,47.66%,42.59%,43.23%,41.63%,39.19%,43.14%,47.93%,49.62%,49.67%,Upgrade
Free Cash Flow Margin,44.71%,-56.61%,-37.94%,-111.37%,-158.82%,-166.20%,-5.97%,-63.55%,24.05%,51.12%,3.20%,59.27%,-45.75%,116.72%,139.03%,32.11%,144.92%,85.97%,-132.15%,63.76%,-148.62%,246.43%,63.03%,180.84%,-31.23%,99.19%,-29.94%,113.31%,121.17%,80.87%,122.02%,67.32%,-31.53%,-63.08%,48.22%,-97.03%,-572.35%,-124.53%,-147.00%,-227.00%,Upgrade
EBITDA,-51.5,110.06,-58.57,-16.99,193.53,283.29,240.17,273.76,279.18,339.69,201.8,197.38,-148.05,25.86,56.96,78.61,128.14,-26.73,121.7,151.48,89.34,161.07,53.01,92.04,60.96,141.73,123.04,137,117.23,-52.92,69.77,138.06,123.71,128.21,127.02,113.35,113.85,114.62,107.31,108.25,Upgrade
EBITDA Margin,-23.94%,51.69%,-28.90%,-9.20%,106.67%,161.53%,141.71%,173.99%,175.08%,197.16%,141.23%,135.91%,-95.83%,15.97%,35.19%,47.83%,74.89%,-14.23%,67.45%,87.04%,54.86%,99.18%,33.43%,55.21%,35.64%,77.24%,68.42%,70.97%,61.86%,-25.30%,34.84%,69.44%,64.65%,64.47%,62.88%,61.99%,59.82%,64.36%,66.64%,65.03%,Upgrade
EBIT,-51.5,110.06,-58.57,-16.99,193.53,283.29,240.17,273.76,279.18,339.69,201.8,197.38,-148.05,25.86,56.96,78.61,128.14,-26.73,121.7,151.48,89.34,161.07,53.01,92.04,60.96,141.73,123.04,137,117.23,-52.92,69.77,138.06,123.71,128.21,127.02,113.35,113.85,114.62,107.31,108.25,Upgrade
EBIT Margin,-23.94%,51.69%,-28.90%,-9.20%,106.67%,161.53%,141.71%,173.99%,175.08%,197.16%,141.23%,135.91%,-95.83%,15.97%,35.19%,47.83%,74.89%,-14.23%,67.45%,87.04%,54.86%,99.18%,33.43%,55.21%,35.64%,77.24%,68.42%,70.97%,61.86%,-25.30%,34.84%,69.44%,64.65%,64.47%,62.88%,61.99%,59.82%,64.36%,66.64%,65.03%,Upgrade
