Metrics,2023-03-31,2022-12-31,2022-09-30,2022-06-30,2022-03-31,2021-12-31,2021-09-30,2021-06-30,2021-03-31,2020-12-31,2020-09-30,2020-06-30,2020-03-31,2019-12-31,2019-09-30,2019-06-30,2019-03-31,2018-12-31,2018-09-30,2018-06-30,2018-03-31,2017-12-31,2017-09-30,2017-06-30,2017-03-31,2016-12-31,2016-09-30,2016-06-30,2016-03-31,2015-12-31,2015-09-30,2015-06-30,2015-03-31,2014-12-31,2014-09-30,2014-06-30,2014-03-31,2013-12-31,2013-09-30,2013-06-30,+69 Quarters
Revenue,310.62,314.72,296.19,286.83,292.98,338.37,325.76,336.99,328.81,369.86,375.23,364.44,329.08,388.02,380.34,394.96,363.63,331.47,330.69,319.26,291.59,317.91,312.05,302.91,288.75,274.45,320.88,330.17,312.95,274.88,297.29,330.42,290.66,295.05,272.08,247.38,258.17,262.5,244.58,200.44,Upgrade
Revenue Growth (YoY),6.02%,-6.99%,-9.08%,-14.88%,-10.90%,-8.52%,-13.19%,-7.53%,-0.08%,-4.68%,-1.34%,-7.73%,-9.50%,17.06%,15.01%,23.71%,24.71%,4.27%,5.97%,5.40%,0.98%,15.84%,-2.75%,-8.26%,-7.73%,-0.16%,7.94%,-0.08%,7.67%,-6.84%,9.27%,33.57%,12.58%,12.40%,11.25%,23.42%,509.16%,-13.48%,-6.22%,26.71%,Upgrade
Cost of Revenue,10.4,16.13,18.72,22.76,24.75,28.33,30.52,24.62,20.25,21.6,24.35,17.97,22.14,27.28,29.04,27.85,24.16,24.94,25.85,24.21,23.13,23.35,27.24,25.64,28.38,33.81,29.45,27.37,23.55,25.99,24.95,23.52,19.25,20.78,23.9,0,0,0,0,0,Upgrade
Gross Profit,300.22,298.6,277.47,264.07,268.23,310.03,295.24,312.38,308.57,348.26,350.88,346.47,306.94,360.75,351.29,367.12,339.47,306.53,304.83,295.05,268.46,294.56,284.81,277.28,260.38,240.64,291.44,302.8,289.4,248.89,272.34,306.9,271.41,274.27,248.19,247.38,258.17,262.5,244.58,200.44,Upgrade
"Selling, General & Admin",89.56,115.72,96.77,96.44,96.15,87.75,94.4,91.31,79.26,89.04,79.54,66.6,76.52,87.68,82.82,76.25,84.7,83.75,75.79,76.18,70.36,71.87,69.75,74.87,75.11,68,68.24,68.57,63.58,60.65,67.96,74.69,61.52,91.17,55.47,67.5,61.52,38.67,78.93,70.99,Upgrade
Other Operating Expenses,-15.56,-42.01,-95.94,-113.07,-82.91,-45.36,18.17,4.51,47.01,58.89,89.05,305.4,36.93,55.27,31.37,49.57,22.94,30.71,28.82,23.01,40.58,43.04,50.77,220.45,50.21,57.58,59.08,53.04,46.32,60.21,67.47,35.84,48.05,88.22,52.24,64.65,49.63,134.93,154.85,141.54,Upgrade
Operating Expenses,74,73.7,0.83,-16.64,13.24,42.39,112.57,95.82,126.26,147.93,168.59,371.99,113.45,142.95,114.19,125.82,107.64,114.47,104.61,99.19,110.94,114.91,120.52,295.33,125.32,125.57,127.32,121.6,109.9,120.86,135.43,110.54,109.58,179.39,107.7,132.15,111.15,173.6,233.78,212.53,Upgrade
Operating Income,226.22,224.89,276.64,280.71,254.99,267.64,182.67,216.56,182.3,200.34,182.29,-25.53,193.49,217.8,237.11,241.3,231.83,192.07,200.22,195.86,157.52,179.66,164.3,-18.05,135.06,115.07,164.12,181.2,179.51,128.03,136.92,196.36,161.84,94.88,140.48,115.24,147.02,88.91,10.8,-12.09,Upgrade
Interest Expense / Income,22.21,21.59,21.18,20.83,20.85,21.14,21.03,21.07,21.12,21.17,21.09,16.7,12.19,12.16,13.49,14.96,15.7,15.58,15.54,15.29,15.08,14.93,15.72,16.18,15.94,17.27,19.78,22.55,21.53,21,21.22,24.5,24.39,24.2,23.99,22.35,19.93,19.75,19.57,19.42,Upgrade
Other Expense / Income,-,-,-,-,-,-,-,-,-,-,-,-,-,-,5.94,16.8,-,-,-,-,-,-,45.77,1.25,4.46,-,17.4,2.11,55.57,2.32,0.01,87.02,-0.53,449.69,-21.56,-71.3,-56.78,55.14,-,-,Upgrade
Pretax Income,204.01,203.3,255.46,259.88,234.14,246.51,161.64,195.5,161.19,179.17,161.21,-42.22,181.29,205.64,217.67,209.55,216.14,176.49,184.69,180.57,142.44,164.73,102.81,-35.47,114.67,97.8,126.94,156.55,102.4,104.71,115.69,84.84,137.98,-379.01,138.05,164.18,183.88,14.02,-8.77,-31.51,Upgrade
Income Tax,46.25,40.97,57.18,58.69,53.01,53.06,35.23,40.29,35.58,31.15,26.1,-12.27,40.83,44.46,44.24,42.82,45.18,36.71,41.89,-28.38,27.96,157.91,37.67,-8.13,38.2,36.71,44.14,58.44,36.15,30.18,45.59,34.79,45.72,-807.35,-15.54,-10.65,-18.88,-22.35,3.91,1.67,Upgrade
Net Income,157.76,162.33,198.28,201.19,181.13,193.45,126.41,155.21,125.61,148.01,135.1,-29.95,140.46,161.18,173.44,166.73,170.96,139.78,142.8,208.95,114.49,6.82,65.14,-27.34,76.47,61.09,82.8,98.11,66.25,74.53,70.09,50.05,92.26,428.34,153.59,174.83,202.76,36.37,-12.68,-33.17,Upgrade
Net Income Growth,-12.90%,-16.08%,56.85%,29.63%,44.20%,30.69%,-6.43%,-,-10.57%,-8.17%,-22.10%,-,-17.84%,15.31%,21.46%,-20.21%,49.33%,1950.75%,119.21%,-,49.71%,-88.84%,-21.33%,-,15.43%,-18.03%,18.14%,96.04%,-28.19%,-82.60%,-54.36%,-71.37%,-54.50%,1077.75%,-,-,-,-,-,-,Upgrade
Shares Outstanding (Basic),158,158,163,174,177,179,187,193,193,193,193,193,200,209,203,208,214,214,213,214,216,216,215,215,215,215,214,214,204,207,208,193,191,191,191,183,173,177,172,172,Upgrade
Shares Outstanding (Diluted),161,162,165,175,179,182,188,195,195,195,194,193,202,199,209,214,218,218,218,218,220,221,219,215,221,225,226,226,240,244,251,247,243,244,238,231,223,177,172,172,Upgrade
Shares Change,-9.90%,-11.27%,-12.39%,-9.87%,-8.26%,-6.41%,-3.15%,0.69%,-3.28%,-2.33%,-6.96%,-9.51%,-7.57%,-8.44%,-4.23%,-1.94%,-0.70%,-1.39%,-0.68%,1.24%,-0.73%,-1.81%,-2.91%,-4.89%,-7.60%,-7.91%,-9.90%,-8.29%,-1.37%,0.30%,5.35%,6.88%,9.15%,37.66%,38.55%,34.34%,54.25%,33.53%,28.20%,29.80%,Upgrade
EPS (Basic),1.00,1.03,1.22,1.16,1.02,1.06,0.68,0.80,0.65,0.76,0.70,-0.15,0.70,0.77,0.85,0.80,0.80,0.66,0.67,0.98,0.53,0.03,0.30,-0.13,0.36,0.29,0.39,0.46,0.33,0.36,0.34,0.26,0.48,2.29,0.80,0.96,1.17,0.25,-0.07,-0.19,Upgrade
EPS (Diluted),0.98,1.01,1.20,1.15,1.01,1.05,0.67,0.80,0.64,0.75,0.70,-0.15,0.70,0.81,0.83,0.78,0.78,0.64,0.66,0.96,0.52,0.03,0.30,-0.13,0.34,0.28,0.37,0.44,0.29,0.32,0.29,0.22,0.39,1.79,0.67,0.78,0.94,0.25,-0.07,-0.19,Upgrade
EPS Growth,-2.97%,-3.81%,79.10%,43.75%,57.81%,40.00%,-4.29%,-,-8.57%,-7.41%,-15.66%,-,-10.26%,26.56%,25.76%,-18.75%,50.00%,2033.33%,120.00%,-,52.94%,-89.29%,-18.92%,-,17.24%,-12.50%,27.59%,100.00%,-25.64%,-82.12%,-56.72%,-71.79%,-58.51%,616.00%,-,-,-,-,-,-,Upgrade
Free Cash Flow Per Share,0.71,0.64,0.62,0.33,0.64,0.84,0.66,0.62,0.78,0.81,0.98,0.74,0.75,0.86,0.80,0.54,0.99,0.84,0.86,0.82,0.53,0.64,0.00,0.54,0.35,0.41,0.58,0.47,0.16,0.06,0.25,-0.39,-0.02,0.36,0.18,-0.70,-0.81,-0.56,-1.62,-0.73,Upgrade
Dividend Per Share,0.225,0.200,0.200,0.200,0.200,0.140,0.140,0.140,0.125,0.125,0.125,0.125,0.125,0.003,0.003,0.003,0.003,0.003,0.003,0.003,0.002,0.002,0.002,0.002,0.002,0.003,0.003,0.003,0.003,0.003,0.002,0.003,0.002,0.002,0.003,0.003,0.003,0.003,0.003,0.003,Upgrade
Dividend Growth,12.50%,42.86%,42.86%,42.86%,60.00%,12.00%,12.00%,12.00%,0%,4066.67%,4066.67%,4066.67%,4066.67%,0%,0%,0%,50.00%,50.00%,50.00%,50.00%,0%,-33.33%,-33.33%,-33.33%,-33.33%,0%,50.00%,0%,50.00%,50.00%,-33.33%,0%,-33.33%,-33.33%,0%,0%,0%,0%,0%,0%,Upgrade
Gross Margin,96.65%,94.88%,93.68%,92.07%,91.55%,91.63%,90.63%,92.70%,93.84%,94.16%,93.51%,95.07%,93.27%,92.97%,92.36%,92.95%,93.36%,92.48%,92.18%,92.42%,92.07%,92.66%,91.27%,91.54%,90.17%,87.68%,90.82%,91.71%,92.47%,90.54%,91.61%,92.88%,93.38%,92.96%,91.22%,100.00%,100.00%,100.00%,100.00%,100.00%,Upgrade
Operating Margin,72.83%,71.46%,93.40%,97.87%,87.03%,79.10%,56.07%,64.26%,55.44%,54.17%,48.58%,-7.00%,58.80%,56.13%,62.34%,61.10%,63.76%,57.94%,60.55%,61.35%,54.02%,56.51%,52.65%,-5.96%,46.77%,41.93%,51.15%,54.88%,57.36%,46.57%,46.05%,59.43%,55.68%,32.16%,51.63%,46.58%,56.95%,33.87%,4.41%,-6.03%,Upgrade
Profit Margin,50.79%,51.58%,66.94%,70.14%,61.82%,57.17%,38.81%,46.06%,38.20%,40.02%,36.00%,-8.22%,42.68%,41.54%,45.60%,42.21%,47.01%,42.17%,43.18%,65.45%,39.26%,2.14%,20.88%,-9.03%,26.48%,22.26%,25.80%,29.72%,21.17%,27.11%,23.58%,15.15%,31.74%,145.17%,56.45%,70.67%,78.54%,13.85%,-5.19%,-16.55%,Upgrade
Free Cash Flow Margin,36.05%,31.97%,33.98%,19.79%,38.43%,44.31%,37.97%,35.59%,45.91%,42.55%,50.46%,39.47%,45.84%,46.57%,42.90%,28.31%,58.06%,54.35%,55.37%,54.74%,39.01%,43.61%,0.09%,38.53%,26.40%,31.69%,38.96%,30.82%,10.36%,4.83%,17.56%,-22.90%,-1.23%,23.53%,12.39%,-51.79%,-54.14%,-37.95%,-114.09%,-62.84%,Upgrade
Effective Tax Rate,22.67%,20.15%,22.38%,22.58%,22.64%,21.53%,21.79%,20.61%,22.07%,17.39%,16.19%,-,22.52%,21.62%,20.32%,20.43%,20.90%,20.80%,22.68%,-15.72%,19.63%,95.86%,36.64%,-,33.31%,37.53%,34.77%,37.33%,35.30%,28.82%,39.41%,41.01%,33.14%,-,-11.25%,-6.49%,-10.27%,-159.35%,-,-,Upgrade
EBITDA,226.22,297.16,276.64,280.71,254.99,339.66,182.67,216.56,182.3,266.92,182.29,-25.53,193.49,290.53,231.17,224.51,231.83,261.16,200.22,195.86,157.52,265.49,118.53,-19.3,130.61,186.08,146.72,179.09,123.94,207.33,136.91,109.34,162.37,-288.87,162.04,186.53,203.8,103.5,10.8,-12.09,Upgrade
EBITDA Margin,72.83%,94.42%,93.40%,97.87%,87.03%,100.38%,56.07%,64.26%,55.44%,72.17%,48.58%,-7.00%,58.80%,74.87%,60.78%,56.84%,63.76%,78.79%,60.55%,61.35%,54.02%,83.51%,37.98%,-6.37%,45.23%,67.80%,45.73%,54.24%,39.60%,75.43%,46.05%,33.09%,55.86%,-97.90%,59.56%,75.40%,78.94%,39.43%,4.41%,-6.03%,Upgrade
Depreciation & Amortization,0,72.27,0,0,0,72.02,0,0,0,66.59,0,0,0,72.73,0,0,0,69.09,0,0,0,85.84,0,0,0,71.02,0,0,0,81.63,0,0,0,65.95,0,0,0,69.73,0,0,Upgrade
EBIT,226.22,224.89,276.64,280.71,254.99,267.64,182.67,216.56,182.3,200.34,182.29,-25.53,193.49,217.8,231.17,224.51,231.83,192.07,200.22,195.86,157.52,179.66,118.53,-19.3,130.61,115.07,146.72,179.09,123.94,125.71,136.91,109.34,162.37,-354.81,162.04,186.53,203.8,33.77,10.8,-12.09,Upgrade
EBIT Margin,72.83%,71.46%,93.40%,97.87%,87.03%,79.10%,56.07%,64.26%,55.44%,54.17%,48.58%,-7.00%,58.80%,56.13%,60.78%,56.84%,63.76%,57.94%,60.55%,61.35%,54.02%,56.51%,37.98%,-6.37%,45.23%,41.93%,45.73%,54.24%,39.60%,45.73%,46.05%,33.09%,55.86%,-120.26%,59.56%,75.40%,78.94%,12.86%,4.41%,-6.03%,Upgrade
