Metrics,2023-03-31,2022-12-31,2022-09-30,2022-06-30,2022-03-31,2021-12-31,2021-09-30,2021-06-30,2021-03-31,2020-12-31,2020-09-30,2020-06-30,2020-03-31,2019-12-31,2019-09-30,2019-06-30,2019-03-31,2018-12-31,2018-09-30,2018-06-30,2018-03-31
Revenue,10.8,11.91,11.5,11.53,10.97,11.2,10.6,10.3,10.13,9.96,9.13,8.79,8.63,7.91,8.35,7.9,7.5,8.36,7.5,7.26,6.94
Revenue Growth (YoY),-1.56%,6.41%,8.43%,11.89%,8.28%,12.45%,16.13%,17.23%,17.37%,25.83%,9.33%,11.26%,15.08%,-5.38%,11.40%,8.75%,8.06%,-,-,-,-
Gross Profit,10.8,11.91,11.5,11.53,10.97,11.2,10.6,10.3,10.13,9.96,9.13,8.79,8.63,7.91,8.35,7.9,7.5,8.36,7.5,7.26,6.94
"Selling, General & Admin",5.36,6.09,5.87,5.68,5.61,6.24,5.32,5.34,5.57,5.54,4.64,4.28,4.29,3.09,4.92,6.22,4.47,3.08,4.2,4.23,4.23
Other Operating Expenses,1.95,1.82,1.81,1.45,1.7,1.68,1.48,1.51,1.37,1.28,1.31,1.34,1.2,22,7.55,1.36,1.3,3.53,1.26,1.29,1.18
Operating Expenses,7.31,7.91,7.68,7.13,7.3,7.92,6.8,6.85,6.95,6.83,5.94,5.62,5.49,25.09,12.47,7.57,5.77,6.61,5.45,5.52,5.42
Operating Income,3.48,4.01,3.82,4.4,3.66,3.28,3.8,3.45,3.18,3.13,3.19,3.17,3.14,-17.17,-4.12,0.33,1.73,1.75,2.04,1.74,1.52
Other Expense / Income,0.05,0.03,0.04,0.03,0.03,0.03,0.04,0.03,0.03,0.02,0.04,0.03,0.04,0.04,0.03,0.03,0.03,0.03,0.03,0.03,0.02
Pretax Income,3.44,3.97,3.77,4.37,3.64,3.25,3.76,3.42,3.15,3.1,3.15,3.14,3.11,-17.22,-4.15,0.29,1.69,1.73,2.01,1.71,1.5
Income Tax,0.53,0.67,0.62,0.88,0.62,0.53,0.68,0.64,0.59,0.58,0.61,0.63,0.65,-4.67,-0.9,-0.04,0.32,0.26,0.39,0.34,0.29
Net Income,2.9,3.3,3.16,3.49,3.02,2.72,3.08,2.78,2.56,2.53,2.53,2.51,2.45,-12.54,-3.25,0.34,1.37,1.47,1.62,1.37,1.21
Net Income Growth,-3.76%,21.53%,2.46%,25.31%,17.76%,7.56%,21.75%,10.98%,4.50%,-,-,647.83%,78.70%,-,-,-75.63%,13.19%,-,-,-,-
Shares Outstanding (Basic),12,12,12,12,12,12,12,13,13,13,14,14,14,14,14,13,13,13,-,-,-
Shares Change,-4.98%,-5.06%,-5.28%,-7.21%,-5.67%,-6.58%,-7.78%,-4.75%,-3.51%,-1.68%,-,3.84%,3.84%,3.84%,-,-,-,-,-,-,-
EPS (Basic),0.27,0.31,0.30,0.32,0.27,0.24,0.28,0.24,0.22,0.22,0.21,0.20,0.20,-1.01,-0.26,-,-,-,-,-,-
EPS (Diluted),0.27,0.30,0.29,0.31,0.26,0.24,0.27,0.24,0.22,0.22,0.21,0.20,0.20,-1.01,-0.26,-,-,-,-,-,-
EPS Growth,3.85%,25.00%,7.41%,29.17%,18.18%,9.09%,28.57%,20.00%,10.00%,-,-,-,-,-,-,-,-,-,-,-,-
Free Cash Flow Per Share,0.30,0.29,0.39,0.50,0.31,-1.08,0.46,-0.01,-0.20,0.64,-0.03,0.15,0.34,0.21,0.16,0.20,0.11,0.11,-,-,-
Dividend Per Share,0.140,0.100,0.100,0.100,0.100,0.070,0.070,0.570,0.070,0.050,0.050,0.050,-,-,-,-,-,-,-,-,-
Dividend Growth,40.00%,42.86%,42.86%,-82.46%,42.86%,40.00%,40.00%,1040.00%,-,-,-,-,-,-,-,-,-,-,-,-,-
Gross Margin,100.00%,100.00%,100.00%,100.00%,100.00%,100.00%,100.00%,100.00%,100.00%,100.00%,100.00%,100.00%,100.00%,100.00%,100.00%,100.00%,100.00%,100.00%,100.00%,100.00%,100.00%
Operating Margin,32.27%,33.63%,33.20%,38.16%,33.41%,29.28%,35.82%,33.49%,31.42%,31.42%,34.89%,36.05%,36.43%,-217.03%,-49.32%,4.13%,23.02%,20.97%,27.26%,23.99%,21.96%
Profit Margin,26.90%,27.73%,27.47%,30.24%,27.51%,24.28%,29.07%,27.00%,25.30%,25.39%,27.73%,28.52%,28.41%,-158.49%,-38.92%,4.24%,18.30%,17.58%,21.61%,18.93%,17.47%
Free Cash Flow Margin,32.45%,28.60%,39.86%,51.79%,34.80%,-119.36%,54.32%,-0.63%,-25.23%,86.04%,-5.04%,22.84%,53.44%,36.50%,25.19%,33.86%,19.61%,17.55%,97.64%,-84.25%,64.32%
Effective Tax Rate,15.49%,16.82%,16.31%,20.20%,16.99%,16.31%,18.00%,18.69%,18.71%,18.57%,19.51%,20.15%,21.08%,-,-,-14.21%,19.01%,14.87%,19.59%,19.77%,19.19%
EBITDA,3.74,4.28,4.1,4.72,3.94,3.61,4.14,3.79,3.57,3.48,3.59,3.48,3.41,-16.95,-3.86,0.56,1.96,1.98,2.29,1.98,1.81
EBITDA Margin,34.61%,35.96%,35.63%,40.91%,35.93%,32.22%,39.08%,36.82%,35.28%,34.90%,39.31%,39.66%,39.54%,-214.21%,-46.17%,7.09%,26.14%,23.73%,30.55%,27.28%,26.11%
Depreciation & Amortization,0.3,0.31,0.32,0.35,0.31,0.36,0.38,0.37,0.42,0.37,0.44,0.35,0.31,0.27,0.29,0.27,0.27,0.26,0.28,0.27,0.31
EBIT,3.44,3.97,3.77,4.37,3.64,3.25,3.76,3.42,3.15,3.1,3.15,3.14,3.11,-17.22,-4.15,0.29,1.69,1.73,2.01,1.71,1.5
EBIT Margin,31.82%,33.34%,32.83%,37.90%,33.14%,29.01%,35.45%,33.21%,31.12%,31.18%,34.45%,35.72%,36.00%,-217.56%,-49.68%,3.72%,22.59%,20.66%,26.88%,23.60%,21.62%
