Metrics,2023-03-31,2022-12-31,2022-09-30,2022-06-30,2022-03-31,2021-12-31,2021-09-30,2021-06-30,2021-03-31,2020-12-31,2020-09-30,2020-06-30,2020-03-31,2019-12-31,2019-09-30,2019-06-30,2019-03-31,2018-12-31,2018-09-30,2018-06-30,2018-03-31,2017-12-31,2017-09-30,2017-06-30,2017-03-31,2016-12-31,2016-09-30,2016-06-30,2016-03-31,2015-12-31,2015-09-30,2015-06-30,2015-03-31,2014-12-31,2014-09-30,2014-06-30,2014-03-31,2013-12-31,2013-09-30,2013-06-30,+3 Quarters
Revenue,24.08,23.37,20.14,16.11,15.49,17.56,17.03,15.1,13.99,13.54,14.02,13.84,15.26,15.39,15.52,14.17,13.83,15.25,14.49,12.62,10.91,9.41,9.98,10.39,9.86,10.2,10.2,9.62,9.47,9.15,8.6,8.69,8.71,8.64,7.82,8.01,7.85,7.7,7.92,7.34,Upgrade
Revenue Growth (YoY),55.38%,33.09%,18.28%,6.65%,10.77%,29.68%,21.49%,9.13%,-8.34%,-12.03%,-9.66%,-2.32%,10.31%,0.95%,7.09%,12.29%,26.79%,62.01%,45.19%,21.41%,10.62%,-7.70%,-2.20%,8.01%,4.18%,11.42%,18.60%,10.73%,8.65%,5.91%,9.98%,8.46%,11.02%,12.28%,-1.20%,9.15%,21.76%,108.19%,-,-,Upgrade
Cost of Revenue,5.86,4.82,4.82,2.72,3.49,6.02,6.67,3.35,3.05,3.02,3.26,2.91,3.18,2.35,4.6,3.8,4.76,3.95,3.74,3.36,2.72,1.81,2.01,2.76,2.59,2.76,2.68,2.54,2.57,1.93,2.42,2.45,2.37,2.31,0.29,2.23,2.1,1.74,1.89,1.91,Upgrade
Gross Profit,18.22,18.54,15.33,13.39,12,11.54,10.36,11.76,10.94,10.52,10.76,10.93,12.08,13.04,10.92,10.37,9.08,11.3,10.75,9.26,8.19,7.6,7.97,7.64,7.28,7.43,7.52,7.09,6.89,7.22,6.19,6.25,6.34,6.33,7.53,5.78,5.75,5.96,6.03,5.43,Upgrade
"Selling, General & Admin",1.46,1.14,1.33,1.26,1.36,1.19,1.25,1.24,1.32,1.03,1.2,1.11,1.35,0.98,0.99,1.25,1.06,0.95,1.05,1,1.25,1.11,1.15,0.92,1.07,0.72,0.87,0.86,0.92,0.67,0.81,0.74,1.05,1.06,0.87,0.73,0.91,0.87,0.93,0.74,Upgrade
Other Operating Expenses,0,0,0,0,0,0,0,0,0,0,0,0,0,0,0,0,0,0,0,0,0,0,0,0,0,0,0,0.26,0,0,0,0,0,0,0,0,0,0,0,0,Upgrade
Operating Expenses,1.46,1.14,1.33,1.26,1.36,1.19,1.25,1.24,1.32,1.03,1.2,1.11,1.35,0.98,0.99,1.25,1.06,0.95,1.05,1,1.25,1.11,1.15,0.92,1.07,0.72,0.87,1.13,0.92,0.67,0.81,0.74,1.05,1.06,0.87,0.73,0.91,0.87,0.93,0.74,Upgrade
Operating Income,16.76,17.41,14,12.13,10.64,10.35,9.11,10.51,9.62,9.49,9.56,9.82,10.73,12.06,9.92,9.12,8.02,10.35,9.7,8.26,6.94,6.49,6.82,6.72,6.21,6.72,6.65,5.96,5.98,6.54,5.38,5.51,5.29,5.27,6.66,5.06,4.84,5.09,5.1,4.69,Upgrade
Interest Expense / Income,7.89,7.61,6.45,5.52,4.89,4.85,4.85,4.69,4.32,3.7,3.86,4.09,4.29,4.17,3.77,3.36,3.67,3.42,3.44,3.01,2.46,1.96,2.04,1.78,2.07,2.06,2.04,2.02,1.88,1.65,1.56,1.51,1.45,1.47,1.41,1.35,1.08,0.87,0.97,0.72,Upgrade
Other Expense / Income,3.68,5.67,3.26,4.68,0.23,-4.04,-9.32,0.12,-0.04,-11.04,-2.27,-34.44,50.21,5.83,-2.67,-0.61,-5.82,3.99,-2.65,-2.36,-2.87,-0.38,-0.86,-1.11,-1.87,-1.05,-5.28,-0.93,1.74,5.89,4.44,-0.05,-1.62,2.68,2.95,0.99,-0.58,0.51,0.31,-0.5,Upgrade
Pretax Income,5.19,4.14,4.29,1.92,5.52,9.54,13.58,5.71,5.35,16.83,7.97,40.16,-43.77,2.06,8.81,6.36,10.17,2.94,8.91,7.61,7.34,4.91,5.64,6.04,6.02,5.71,9.89,4.88,2.36,-1.01,-0.62,4.05,5.46,1.11,2.3,2.71,4.34,3.71,3.83,4.48,Upgrade
Income Tax,0.45,0.16,0.33,0.59,0.3,-0.71,0.8,0.1,0.41,0.02,0.46,0.35,0.17,0.23,0.35,0.37,0.03,0.58,0.03,0.01,0,0,0,0,-0.01,-0.01,-0.04,-0.15,-0.17,0.09,0,0.05,0.07,0.1,0.19,0,0,0,0,0,Upgrade
Net Income,4.74,3.98,3.96,1.34,5.22,10.25,12.78,5.61,4.94,16.81,7.51,39.81,-43.94,1.83,8.47,5.99,10.14,2.36,8.88,7.6,7.34,4.91,5.64,6.04,6.02,5.72,9.93,5.03,2.52,-1.1,-0.62,4,5.39,1.01,2.11,2.71,4.34,3.71,3.83,4.48,Upgrade
Net Income Growth,-9.31%,-61.19%,-69.05%,-76.18%,5.76%,-39.03%,70.18%,-85.92%,-,818.31%,-11.33%,564.13%,-,-22.53%,-4.69%,-21.16%,38.11%,-51.85%,57.62%,25.78%,21.90%,-14.18%,-43.22%,20.18%,138.71%,-,-,25.72%,-53.20%,-,-,47.55%,24.16%,-72.76%,-44.75%,-39.44%,-21.48%,137.29%,-,-,Upgrade
Shares Outstanding (Basic),20,20,20,20,20,20,19,19,19,19,19,19,19,19,19,19,16,16,16,16,16,16,16,15,12,12,12,12,12,12,12,12,12,12,12,12,12,12,12,12,Upgrade
Shares Outstanding (Diluted),20,20,20,20,20,20,19,19,19,19,19,19,19,19,19,19,16,16,16,16,16,16,16,15,12,12,12,12,12,12,12,12,12,12,12,12,12,12,12,12,Upgrade
Shares Change,1.34%,0.53%,0.31%,0.29%,0.16%,0.08%,-,0.01%,0.29%,2.92%,3.07%,3.18%,18.83%,18.68%,18.50%,18.37%,2.50%,0.01%,1.82%,3.95%,27.83%,27.83%,25.55%,22.98%,-0.00%,0.00%,-0.00%,-0.00%,-0.00%,-0.00%,0.61%,2.86%,3.11%,3.28%,2.80%,0.68%,0.57%,-0.02%,-,-,Upgrade
EPS (Basic),0.24,0.20,0.20,0.07,0.27,0.52,0.66,0.29,0.25,0.87,0.39,2.04,-2.26,0.09,0.45,0.32,0.62,0.15,0.56,0.48,0.46,0.30,0.36,0.39,0.48,0.46,0.80,0.41,0.20,-0.09,-0.05,0.32,0.43,0.08,0.17,0.22,0.36,0.30,0.32,0.37,Upgrade
EPS (Diluted),0.24,0.20,0.20,0.07,0.27,0.52,0.66,0.29,0.25,0.87,0.39,2.04,-2.26,0.09,0.45,0.32,0.62,0.15,0.56,0.48,0.46,0.30,0.36,0.39,0.48,0.46,0.80,0.41,0.20,-0.09,-0.05,0.32,0.43,0.08,0.17,0.22,0.36,0.30,0.32,0.37,Upgrade
EPS Growth,-11.11%,-61.54%,-69.70%,-75.86%,8.00%,-40.23%,69.23%,-85.78%,-,866.67%,-13.33%,537.50%,-,-40.00%,-19.64%,-33.33%,34.78%,-50.00%,55.56%,23.08%,-4.17%,-34.78%,-55.00%,-4.88%,140.00%,-,-,28.13%,-53.49%,-,-,45.45%,19.44%,-73.33%,-46.88%,-40.54%,-21.74%,172.73%,-,-,Upgrade
Free Cash Flow Per Share,-1.62,1.85,-0.80,-0.72,-3.22,1.33,0.64,-2.95,-2.93,-0.82,1.27,0.80,-1.44,-2.10,-2.41,-0.25,-0.20,-1.45,1.95,-3.67,-3.25,-0.64,-0.76,1.35,1.61,-0.29,0.36,0.65,-0.01,-2.23,0.06,0.23,-0.03,-2.35,-0.22,1.61,-1.21,-2.55,1.88,-5.24,Upgrade
Dividend Per Share,0.400,0.340,0.340,0.340,0.340,0.280,0.300,0.250,0.250,0.310,0.500,-,0.340,0.340,0.340,0.340,0.340,0.340,0.340,0.340,0.339,0.339,0.339,0.339,0.339,0.339,0.339,0.339,0.339,0.339,0.339,0.339,0.339,0.339,0.339,0.339,0.404,0.337,0.337,0.337,Upgrade
Dividend Growth,17.65%,21.43%,13.33%,36.00%,36.00%,-9.68%,-40.00%,-,-26.47%,-8.82%,47.06%,-,0%,0%,0%,0%,0.29%,0.29%,0.29%,0.29%,0%,0%,0%,0%,0%,0%,0%,0%,0%,0%,0%,0%,-16.09%,0.59%,0.59%,0.59%,19.88%,88.27%,-,-,Upgrade
Gross Margin,75.66%,79.36%,76.09%,83.11%,77.46%,65.73%,60.85%,77.83%,78.22%,77.67%,76.75%,78.96%,79.18%,84.71%,70.36%,73.16%,65.61%,74.11%,74.20%,73.36%,75.09%,80.72%,79.86%,73.47%,73.79%,72.91%,73.69%,73.64%,72.82%,78.88%,71.91%,71.86%,72.75%,73.28%,96.27%,72.19%,73.28%,77.39%,76.16%,74.01%,Upgrade
Operating Margin,69.61%,74.50%,69.50%,75.27%,68.69%,58.96%,53.50%,69.60%,68.80%,70.10%,68.19%,70.93%,70.30%,78.33%,63.96%,64.34%,57.98%,67.86%,66.96%,65.47%,63.60%,68.96%,68.36%,64.64%,62.98%,65.89%,65.14%,61.94%,63.15%,71.50%,62.51%,63.40%,60.75%,60.99%,85.14%,63.12%,61.66%,66.12%,64.45%,63.90%,Upgrade
Profit Margin,19.67%,17.03%,19.64%,8.29%,33.70%,58.38%,75.04%,37.12%,35.30%,124.16%,53.57%,287.64%,-287.92%,11.89%,54.58%,42.30%,73.31%,15.50%,61.32%,60.25%,67.30%,52.14%,56.49%,58.15%,61.08%,56.08%,97.30%,52.27%,26.66%,-12.01%,-7.26%,46.04%,61.89%,11.69%,27.02%,33.84%,55.34%,48.21%,48.32%,60.99%,Upgrade
Free Cash Flow Margin,-133.09%,155.48%,-77.86%,-86.97%,-406.11%,148.04%,73.08%,-380.61%,-407.87%,-117.45%,176.91%,111.99%,-182.71%,-258.34%,-293.81%,-33.03%,-23.55%,-152.16%,215.20%,-464.05%,-475.08%,-107.88%,-119.21%,199.92%,203.96%,-35.83%,44.57%,83.67%,-1.15%,-303.41%,8.62%,33.63%,-3.95%,-338.82%,-35.02%,243.11%,-186.44%,-400.09%,285.83%,-860.77%,Upgrade
Effective Tax Rate,8.74%,3.79%,7.71%,30.52%,5.44%,-7.49%,5.88%,1.73%,7.63%,0.12%,5.78%,0.87%,-,11.13%,3.93%,5.81%,0.25%,19.62%,0.28%,0.12%,-,-,-,-,-0.14%,-0.19%,-0.40%,-3.18%,-7.10%,-,-,1.18%,1.21%,9.19%,8.08%,-,-,-,-,-,Upgrade
EBITDA,13.08,11.74,10.73,7.45,10.41,14.39,18.43,10.4,9.67,20.53,11.83,44.25,-39.48,6.23,12.59,9.72,13.84,6.36,12.35,10.63,9.81,6.87,7.68,7.83,8.08,7.77,11.93,6.89,4.24,0.65,0.93,5.56,6.91,2.59,3.71,4.06,5.42,4.58,4.79,5.2,Upgrade
EBITDA Margin,54.31%,50.24%,53.29%,46.23%,67.21%,81.94%,108.24%,68.84%,69.12%,151.67%,84.40%,319.72%,-258.70%,40.46%,81.14%,68.62%,100.06%,41.72%,85.24%,84.19%,89.89%,73.00%,76.96%,75.29%,81.96%,76.17%,116.88%,71.60%,44.74%,7.09%,10.85%,64.01%,79.30%,29.93%,47.41%,50.73%,69.09%,59.52%,60.55%,70.78%,Upgrade
EBIT,13.08,11.74,10.73,7.45,10.41,14.39,18.43,10.4,9.67,20.53,11.83,44.25,-39.48,6.23,12.59,9.72,13.84,6.36,12.35,10.63,9.81,6.87,7.68,7.83,8.08,7.77,11.93,6.89,4.24,0.65,0.93,5.56,6.91,2.59,3.71,4.06,5.42,4.58,4.79,5.2,Upgrade
EBIT Margin,54.31%,50.24%,53.29%,46.23%,67.21%,81.94%,108.24%,68.84%,69.12%,151.67%,84.40%,319.72%,-258.70%,40.46%,81.14%,68.62%,100.06%,41.72%,85.24%,84.19%,89.89%,73.00%,76.96%,75.29%,81.96%,76.17%,116.88%,71.60%,44.74%,7.09%,10.85%,64.01%,79.30%,29.93%,47.41%,50.73%,69.09%,59.52%,60.55%,70.78%,Upgrade
