Metrics,2023-03-31,2022-12-31,2022-09-30,2022-06-30,2022-03-31,2021-12-31,2021-09-30,2021-06-30,2021-03-31,2020-12-31,2020-09-30,2020-06-30,2020-03-31,2019-12-31,2019-09-30,2019-06-30,2019-03-31,2018-12-31,2018-09-30,2018-06-30,2018-03-31,2017-12-31,2017-09-30,2017-06-30,2017-03-31,2016-12-31,2016-09-30,2016-06-30,2016-03-31,2015-12-31,2015-09-30,2015-06-30,2015-03-31,2014-12-31,2014-09-30,2014-06-30,2014-03-31,2013-12-31,2013-09-30,2013-06-30,+25 Quarters
Revenue,110.43,122.22,119.75,116.37,108.31,100.06,98.38,94.61,93.38,94.04,80.97,79.98,70.73,76.95,72.23,70.98,68.84,67.36,65.3,65.34,62.71,55.57,58.38,55.99,51.61,49.97,49.25,45.94,45.56,43.33,42.53,39.58,37.71,34.55,33.58,32.48,30.71,30.13,28.2,26.72,Upgrade
Revenue Growth (YoY),1.95%,22.14%,21.72%,22.99%,15.99%,6.41%,21.51%,18.29%,32.02%,22.21%,12.10%,12.69%,2.75%,14.23%,10.61%,8.63%,9.77%,21.21%,11.85%,16.70%,21.51%,11.22%,18.56%,21.88%,13.30%,15.32%,15.79%,16.07%,20.81%,25.41%,26.66%,21.86%,22.79%,14.66%,19.07%,21.55%,25.79%,17.84%,11.80%,20.09%,Upgrade
Gross Profit,110.43,122.22,119.75,116.37,108.31,100.06,98.38,94.61,93.38,94.04,80.97,79.98,70.73,76.95,72.23,70.98,68.84,67.36,65.3,65.34,62.71,55.57,58.38,55.99,51.61,49.97,49.25,45.94,45.56,43.33,42.53,39.58,37.71,34.55,33.58,32.48,30.71,30.13,28.2,26.72,Upgrade
"Selling, General & Admin",24.16,23.42,23.86,25.04,22.23,21.13,21.94,20.84,19.12,18.9,18.51,19.32,19.01,17.18,18.77,17.82,17.52,15.61,16.12,16.14,16.06,13.83,15.18,15.1,14.73,14.13,14.24,13.76,13.79,11.11,12.84,12.73,11.24,8.23,10.16,11.04,9.58,8.37,8.76,8.95,Upgrade
Other Operating Expenses,15.51,14.68,18.82,14.78,14.99,17.36,12.44,10.47,9.79,9.3,8.07,9.5,8.91,8.44,6.39,8.21,7.81,7.09,6.51,7.36,7,5.74,6.32,6.77,6.53,6.8,5.92,5.75,5.5,7.89,5.41,5.41,7.51,4.66,5.16,4.38,4.14,3.93,3.3,3.42,Upgrade
Operating Expenses,39.66,38.09,42.69,39.82,37.22,38.49,34.38,31.31,28.91,28.2,26.57,28.82,27.92,25.62,25.16,26.02,25.33,22.7,22.62,23.49,23.06,19.57,21.5,21.88,21.27,20.93,20.16,19.5,19.29,19,18.25,18.14,18.75,12.88,15.32,15.42,13.72,12.3,12.07,12.37,Upgrade
Operating Income,70.76,84.12,77.07,76.55,71.09,61.58,64.01,63.31,64.46,65.83,54.4,51.17,42.81,51.33,47.07,44.96,43.51,44.66,42.68,41.85,39.65,36,36.89,34.12,30.35,29.04,29.08,26.43,26.27,24.33,24.28,21.44,18.96,21.67,18.26,17.06,16.99,17.83,16.13,14.35,Upgrade
Pretax Income,70.76,84.12,77.07,76.55,71.09,61.58,64.01,63.31,64.46,65.83,54.4,51.17,42.81,51.33,47.07,44.96,43.51,44.66,42.68,41.85,39.65,36,36.89,34.12,30.35,29.04,29.08,26.43,26.27,24.33,24.28,21.44,18.96,21.67,18.26,17.06,16.99,17.83,16.13,14.35,Upgrade
Income Tax,12.79,16.4,13.04,14.41,13.48,7.82,11.51,13.28,13.01,14.85,11.04,10.72,8.03,10.29,9.51,9.32,8.5,8.42,8.12,8.31,7.05,14.85,11.63,9.95,7.83,7.3,8.17,7.56,6.31,4.58,8.01,6.97,5.9,6.64,4.26,5.48,5.23,5.96,5.32,4.66,Upgrade
Net Income,57.97,67.72,64.03,62.14,57.61,53.75,52.5,50.03,51.46,50.98,43.36,40.45,34.78,41.04,37.56,35.63,35.01,36.24,34.56,33.54,32.6,21.15,25.26,24.16,22.52,21.74,20.91,18.88,19.96,19.75,16.27,14.47,13.06,15.03,14,11.59,11.76,11.87,10.81,9.69,Upgrade
Preferred Dividends,0,0.03,0,0.03,0,0.03,0,0.03,0,0.03,0,0.03,0,0.03,0,0.03,0,0.03,0,0.03,0,0.03,0,0.03,0,0.02,0,0.02,0,0.02,0.03,0.12,0.1,0.12,0.1,0.12,0.1,0.12,0.1,0.1,Upgrade
Net Income Common,57.97,67.69,64.03,62.11,57.61,53.72,52.5,50,51.46,50.95,43.36,40.42,34.78,41.01,37.56,35.6,35.01,36.21,34.56,33.51,32.6,21.12,25.26,24.13,22.52,21.71,20.91,18.85,19.96,19.73,16.23,14.35,12.96,14.92,13.9,11.47,11.66,11.75,10.71,9.59,Upgrade
Net Income Growth,0.62%,26.01%,21.97%,24.22%,11.97%,5.44%,21.07%,23.70%,47.95%,24.25%,15.44%,13.52%,-0.66%,13.26%,8.69%,6.25%,7.38%,71.43%,36.82%,38.85%,44.78%,-2.74%,20.80%,28.01%,12.84%,10.08%,28.81%,31.42%,54.04%,32.24%,16.77%,25.09%,11.13%,26.93%,29.78%,19.64%,27.40%,38.98%,16.41%,16.46%,Upgrade
Shares Outstanding (Basic),54,54,54,54,54,54,54,54,54,54,54,54,54,54,54,54,53,53,53,53,53,53,53,53,53,53,53,52,52,52,52,51,50,50,49,45,45,42,42,41,Upgrade
Shares Change,0.23%,0.21%,0.20%,0.25%,0.35%,0.55%,0.59%,0.57%,0.71%,0.60%,0.65%,0.62%,0.43%,0.56%,0.70%,0.68%,0.74%,0.59%,0.44%,0.60%,0.61%,0.70%,0.82%,0.78%,0.91%,1.55%,1.37%,2.11%,5.22%,4.49%,4.63%,13.12%,11.61%,16.78%,18.29%,9.65%,18.38%,17.52%,16.14%,15.64%,Upgrade
EPS (Basic),1.07,1.25,1.18,1.14,1.06,0.99,0.97,0.92,0.95,0.95,0.80,0.75,0.65,0.77,0.70,0.67,0.65,0.68,0.65,0.63,0.61,0.40,0.48,0.46,0.43,0.41,0.40,0.36,0.38,0.38,0.32,0.28,0.26,0.30,0.28,0.24,0.27,0.28,0.26,0.23,Upgrade
EPS (Diluted),1.06,1.24,1.17,1.14,1.06,0.99,0.96,0.92,0.95,0.94,0.80,0.75,0.64,0.76,0.69,0.66,0.65,0.67,0.64,0.62,0.60,0.39,0.47,0.45,0.42,0.40,0.39,0.36,0.38,0.38,0.30,0.27,0.24,0.29,0.27,0.23,0.26,0.27,0.24,0.22,Upgrade
EPS Growth,0%,25.25%,21.88%,23.91%,11.58%,5.32%,20.00%,22.67%,48.44%,23.68%,15.94%,13.64%,-1.54%,13.43%,7.81%,6.45%,8.33%,71.79%,36.17%,37.78%,42.86%,-2.50%,20.51%,25.00%,10.53%,6.67%,27.87%,33.33%,55.10%,27.12%,12.96%,17.39%,-3.92%,11.32%,10.20%,4.55%,16.97%,29.27%,8.89%,8.91%,Upgrade
Free Cash Flow Per Share,0.99,1.33,1.33,1.03,1.26,1.30,1.32,0.93,1.19,1.35,0.23,0.96,0.96,1.13,0.77,0.36,0.77,0.97,0.72,0.71,0.72,0.63,0.58,0.21,0.42,0.26,0.52,0.20,0.48,0.45,0.44,0.26,0.23,0.46,0.05,0.44,0.42,0.46,0.34,0.44,Upgrade
Dividend Per Share,0.280,0.280,0.230,0.230,0.230,0.230,0.200,0.200,0.200,0.200,0.175,0.175,0.175,0.175,0.150,0.150,0.150,0.150,0.110,0.110,0.110,0.050,0.050,0.050,0.050,0.040,0.080,0.040,0.030,0.030,0.030,0.030,0.025,0.025,0.025,-,-,-,-,-,Upgrade
Dividend Growth,21.74%,21.74%,15.00%,15.00%,15.00%,15.00%,14.29%,14.29%,14.29%,14.29%,16.67%,16.67%,16.67%,16.67%,36.36%,36.36%,36.36%,200.00%,120.00%,120.00%,120.00%,25.00%,-37.50%,25.00%,66.67%,33.33%,166.67%,33.33%,20.00%,20.00%,20.00%,-,-,-,-,-,-,-,-,-,Upgrade
Gross Margin,100.00%,100.00%,100.00%,100.00%,100.00%,100.00%,100.00%,100.00%,100.00%,100.00%,100.00%,100.00%,100.00%,100.00%,100.00%,100.00%,100.00%,100.00%,100.00%,100.00%,100.00%,100.00%,100.00%,100.00%,100.00%,100.00%,100.00%,100.00%,100.00%,100.00%,100.00%,100.00%,100.00%,100.00%,100.00%,100.00%,100.00%,100.00%,100.00%,100.00%,Upgrade
Operating Margin,64.08%,68.83%,64.36%,65.78%,65.64%,61.54%,65.06%,66.91%,69.04%,70.01%,67.18%,63.97%,60.53%,66.70%,65.17%,63.34%,63.21%,66.30%,65.36%,64.05%,63.23%,64.79%,63.18%,60.93%,58.79%,58.11%,59.06%,57.54%,57.66%,56.14%,57.09%,54.17%,50.27%,62.72%,54.39%,52.53%,55.31%,59.18%,57.21%,53.70%,Upgrade
Profit Margin,52.50%,55.39%,53.47%,53.37%,53.19%,53.69%,53.36%,52.84%,55.10%,54.18%,53.55%,50.53%,49.17%,53.29%,52.00%,50.16%,50.86%,53.75%,52.92%,51.28%,51.99%,38.00%,43.26%,43.10%,43.63%,43.46%,42.46%,41.04%,43.81%,45.53%,38.17%,36.25%,34.36%,43.18%,41.40%,35.31%,37.96%,39.00%,37.99%,35.88%,Upgrade
Free Cash Flow Margin,48.75%,59.02%,60.23%,48.23%,63.34%,70.37%,73.00%,53.28%,68.80%,77.68%,15.11%,64.87%,73.26%,78.77%,57.04%,27.05%,59.44%,76.43%,58.99%,57.64%,61.12%,59.76%,52.79%,19.49%,43.34%,26.99%,55.24%,23.17%,54.85%,54.18%,53.13%,33.06%,30.70%,65.94%,7.34%,61.08%,60.88%,65.04%,49.85%,68.60%,Upgrade
Effective Tax Rate,18.07%,19.49%,16.92%,18.83%,18.96%,12.70%,17.98%,20.97%,20.18%,22.56%,20.29%,20.95%,18.76%,20.05%,20.20%,20.74%,19.53%,18.86%,19.03%,19.86%,17.78%,41.25%,31.52%,29.17%,25.79%,25.13%,28.11%,28.59%,24.02%,18.81%,33.01%,32.52%,31.14%,30.63%,23.33%,32.10%,30.78%,33.45%,32.98%,32.49%,Upgrade
EBITDA,71.83,85.07,78.13,77.59,72.17,62.69,65.12,64.39,65.55,66.95,55.41,52.16,43.8,52.3,48.07,45.95,44.49,45.56,43.62,42.77,40.55,36.36,37.73,34.93,31.17,29.63,29.9,27.27,27.09,25.01,24.89,22.16,19.54,22.01,18.76,17.56,17.48,18.32,16.58,14.94,Upgrade
EBITDA Margin,65.05%,69.61%,65.24%,66.67%,66.63%,62.65%,66.19%,68.05%,70.19%,71.19%,68.43%,65.21%,61.92%,67.97%,66.55%,64.74%,64.64%,67.63%,66.79%,65.45%,64.67%,65.42%,64.63%,62.39%,60.39%,59.29%,60.71%,59.36%,59.46%,57.72%,58.52%,55.99%,51.83%,63.71%,55.88%,54.07%,56.93%,60.79%,58.80%,55.92%,Upgrade
Depreciation & Amortization,1.07,0.95,1.06,1.04,1.08,1.11,1.11,1.08,1.08,1.11,1.01,0.99,0.99,0.98,1,1,0.99,0.9,0.94,0.92,0.9,0.36,0.85,0.82,0.82,0.59,0.81,0.84,0.82,0.68,0.61,0.72,0.59,0.34,0.5,0.5,0.5,0.49,0.45,0.59,Upgrade
EBIT,70.76,84.12,77.07,76.55,71.09,61.58,64.01,63.31,64.46,65.83,54.4,51.17,42.81,51.33,47.07,44.96,43.51,44.66,42.68,41.85,39.65,36,36.89,34.12,30.35,29.04,29.08,26.43,26.27,24.33,24.28,21.44,18.96,21.67,18.26,17.06,16.99,17.83,16.13,14.35,Upgrade
EBIT Margin,64.08%,68.83%,64.36%,65.78%,65.64%,61.54%,65.06%,66.91%,69.04%,70.01%,67.18%,63.97%,60.53%,66.70%,65.17%,63.34%,63.21%,66.30%,65.36%,64.05%,63.23%,64.79%,63.18%,60.93%,58.79%,58.11%,59.06%,57.54%,57.66%,56.14%,57.09%,54.17%,50.27%,62.72%,54.39%,52.53%,55.31%,59.18%,57.21%,53.70%,Upgrade
