Metrics,2023-03-31,2022-12-31,2022-09-30,2022-06-30,2022-03-31,2021-12-31,2021-09-30,2021-06-30,2021-03-31,2020-12-31,2020-09-30,2020-06-30,2020-03-31,2019-12-31,2019-09-30,2019-06-30,2019-03-31,2018-12-31,2018-09-30,2018-06-30,2018-03-31,2017-12-31,2017-09-30,2017-06-30,2017-03-31,2016-12-31,2016-09-30,2016-06-30,2016-03-31,2015-12-31,2015-09-30,2015-06-30,2015-03-31,2014-12-31,2014-09-30,2014-06-30,2014-03-31,2013-12-31,2013-09-30,2013-06-30,+69 Quarters
Revenue,199.45,237.65,236.51,191.42,207.74,200.99,213.68,206.6,194.79,189.78,200.11,190.57,226.74,200.64,211.97,182.28,161.5,162.75,166.35,165.85,163.35,153.95,109.69,105.53,98.13,106.11,96.65,98.86,96.91,99.17,100.13,95.15,70.13,65.27,56.68,54.21,49.84,46.26,40.8,39.82,Upgrade
Revenue Growth (YoY),-3.99%,18.24%,10.68%,-7.35%,6.65%,5.91%,6.78%,8.41%,-14.09%,-5.41%,-5.59%,4.55%,40.40%,23.28%,27.42%,9.91%,-1.13%,5.72%,51.65%,57.16%,66.46%,45.08%,13.50%,6.76%,1.26%,7.00%,-3.48%,3.89%,38.19%,51.93%,76.67%,75.51%,40.72%,41.09%,38.93%,36.14%,23.14%,4.99%,6.09%,5.99%,Upgrade
Gross Profit,199.45,237.65,236.51,191.42,207.74,200.99,213.68,206.6,194.79,189.78,200.11,190.57,226.74,200.64,211.97,182.28,161.5,162.75,166.35,165.85,163.35,153.95,109.69,105.53,98.13,106.11,96.65,98.86,96.91,99.17,100.13,95.15,70.13,65.27,56.68,54.21,49.84,46.26,40.8,39.82,Upgrade
"Selling, General & Admin",93.67,90.03,88.99,90.24,82.7,79.59,76.16,74.22,75.06,70.88,77.02,73.01,83.16,78.27,65.31,67.25,67.2,60.35,66.99,67.62,67.72,61.52,45.05,43.62,44.64,42.7,40.75,42.17,43.19,46.67,46.01,43.4,33.44,30.1,26.46,26.48,28.37,24.73,21.8,22.42,Upgrade
Other Operating Expenses,49.56,52.55,49.95,66.57,45.71,62.01,38.18,40.43,37.95,54.96,39.56,43.17,45.66,56.68,41.56,43.49,34.21,35.05,33.26,30.89,30.35,46.97,21.11,27.79,21.68,24.03,21.69,21.97,18.6,21.13,21.48,21.4,23.78,16.86,17.9,13.36,16.18,16.95,9.1,7.9,Upgrade
Operating Expenses,143.23,142.58,138.94,156.81,128.42,141.6,114.33,114.66,113,125.84,116.58,116.18,128.81,134.94,106.87,110.74,101.41,95.4,100.25,98.51,98.07,108.49,66.16,71.41,66.32,66.73,62.43,64.14,61.79,67.8,67.5,64.8,57.21,46.96,44.35,39.84,44.55,41.68,30.9,30.32,Upgrade
Operating Income,56.23,95.07,97.56,34.61,79.32,59.39,99.34,91.94,81.78,63.94,83.53,74.4,97.93,65.7,105.1,71.54,60.09,67.35,66.1,67.35,65.28,45.46,43.53,34.13,31.81,39.39,34.21,34.72,35.12,31.36,32.64,30.35,12.92,18.31,12.33,14.37,5.28,4.58,9.89,9.5,Upgrade
Pretax Income,56.23,95.07,97.56,34.61,79.32,59.39,99.34,91.94,81.78,63.94,83.53,74.4,97.93,65.7,105.1,71.54,60.09,67.35,66.1,67.35,65.28,45.46,43.53,34.13,31.81,39.39,34.21,34.72,35.12,31.36,32.64,30.35,12.92,18.31,12.33,14.37,5.28,4.58,9.89,9.5,Upgrade
Income Tax,10.64,11.81,16.96,7.15,14.23,11.16,18.77,17.02,14.36,10.97,17.63,15.59,20.69,12.98,23.28,15.62,12.4,11.71,10.9,13.78,13.97,26.55,14.68,11.06,9.69,12.42,10.78,11.81,11.62,7.51,10.96,10.25,4.18,5.67,3.54,4.46,0.93,0.8,2.96,2.93,Upgrade
Net Income,45.59,83.26,80.6,27.45,65.1,48.24,80.57,74.92,67.42,52.97,65.9,58.8,77.24,52.72,81.83,55.92,47.7,55.65,55.19,53.56,51.31,18.9,28.85,23.07,22.12,26.97,23.43,22.91,23.51,23.86,21.68,20.1,8.74,12.64,8.79,9.91,4.35,3.79,6.93,6.58,Upgrade
Preferred Dividends,0,0,0,0,0,0.01,0.01,0.01,0.01,0.01,0.01,0.01,0.01,0.01,0,0.33,0,0,0,0,0,0,0,0,0,0,0,0,0.02,0.08,0.08,0.08,0.03,0,0,0,0,0,0,0,Upgrade
Net Income Common,45.59,83.26,80.6,27.45,65.1,48.23,80.56,74.91,67.41,52.96,65.89,58.79,77.22,52.71,81.83,55.6,47.7,55.65,55.19,53.56,51.31,18.9,28.85,23.07,22.12,26.97,23.43,22.91,23.48,23.78,21.6,20.02,8.71,12.64,8.79,9.91,4.35,3.79,6.93,6.58,Upgrade
Net Income Growth,-29.97%,72.63%,0.05%,-63.35%,-3.43%,-8.92%,22.28%,27.42%,-12.71%,0.47%,-19.48%,5.74%,61.91%,-5.28%,48.25%,3.80%,-7.05%,194.38%,91.30%,132.22%,131.97%,-29.91%,23.15%,0.68%,-5.80%,13.41%,8.48%,14.44%,169.62%,88.16%,145.77%,102.04%,100.11%,233.84%,26.77%,50.67%,-26.70%,-52.87%,2.54%,0.61%,Upgrade
Shares Outstanding (Basic),127,127,128,131,112,115,108,108,108,109,109,109,113,97,97,96,93,92,92,92,92,92,64,63,63,63,61,61,61,60,60,60,60,36,33,33,33,32,32,33,Upgrade
Shares Change,13.15%,10.57%,18.50%,20.59%,3.97%,5.50%,-0.67%,-0.57%,-4.59%,12.61%,12.84%,13.66%,22.44%,4.71%,4.68%,3.94%,0.35%,0.39%,43.24%,46.93%,47.06%,47.01%,5.91%,3.51%,3.24%,4.45%,1.62%,1.59%,1.77%,66.13%,83.24%,83.00%,83.53%,11.23%,0.57%,-1.20%,-1.49%,-2.67%,-3.30%,-3.53%,Upgrade
EPS (Basic),0.36,0.66,0.63,0.21,0.58,0.41,0.75,0.69,0.62,0.49,0.60,0.54,0.68,0.47,0.85,0.58,0.52,0.60,0.60,0.58,0.56,0.18,0.45,0.36,0.35,0.43,0.39,0.38,0.39,0.40,0.36,0.34,0.20,0.35,0.26,0.30,0.14,0.12,0.21,0.20,Upgrade
EPS (Diluted),0.36,0.66,0.63,0.21,0.58,0.41,0.74,0.69,0.62,0.48,0.60,0.54,0.68,0.47,0.84,0.58,0.51,0.60,0.59,0.58,0.55,0.17,0.44,0.36,0.35,0.42,0.38,0.38,0.39,0.40,0.36,0.34,0.20,0.36,0.26,0.30,0.14,0.12,0.21,0.20,Upgrade
EPS Growth,-37.93%,60.98%,-14.86%,-69.57%,-6.45%,-14.58%,23.33%,27.78%,-8.82%,2.13%,-28.57%,-6.90%,33.33%,-21.67%,42.37%,0%,-7.27%,252.94%,34.09%,61.11%,57.14%,-59.52%,15.79%,-4.00%,-9.09%,6.33%,5.56%,11.94%,97.44%,9.72%,38.46%,11.67%,44.44%,213.04%,20.93%,50.00%,-25.00%,-52.08%,4.88%,5.26%,Upgrade
Free Cash Flow Per Share,0.69,0.68,0.31,0.82,0.47,0.41,0.12,0.93,0.69,1.25,-0.12,-0.24,0.82,0.29,0.62,0.19,0.90,0.67,0.38,0.28,0.81,0.01,0.47,0.56,0.28,0.08,0.44,0.82,-0.13,0.14,0.95,-0.07,0.23,0.22,0.34,0.23,0.12,0.13,0.12,0.31,Upgrade
Dividend Per Share,0.200,0.190,0.190,0.190,0.190,0.180,0.180,0.180,0.180,0.170,0.170,0.170,0.170,0.160,0.160,0.160,0.160,0.150,0.150,0.150,0.150,0.125,0.125,0.125,0.125,0.120,0.120,0.120,0.120,0.115,0.115,0.115,0.115,0.110,0.110,0.110,0.110,0.105,0.105,0.105,Upgrade
Dividend Growth,5.26%,5.56%,5.56%,5.56%,5.56%,5.88%,5.88%,5.88%,5.88%,6.25%,6.25%,6.25%,6.25%,6.67%,6.67%,6.67%,6.67%,20.00%,20.00%,20.00%,20.00%,4.17%,4.17%,4.17%,4.17%,4.35%,4.35%,4.35%,4.35%,4.55%,4.55%,4.55%,4.55%,4.76%,4.76%,4.76%,4.76%,5.00%,5.00%,5.00%,Upgrade
Gross Margin,100.00%,100.00%,100.00%,100.00%,100.00%,100.00%,100.00%,100.00%,100.00%,100.00%,100.00%,100.00%,100.00%,100.00%,100.00%,100.00%,100.00%,100.00%,100.00%,100.00%,100.00%,100.00%,100.00%,100.00%,100.00%,100.00%,100.00%,100.00%,100.00%,100.00%,100.00%,100.00%,100.00%,100.00%,100.00%,100.00%,100.00%,100.00%,100.00%,100.00%,Upgrade
Operating Margin,28.19%,40.01%,41.25%,18.08%,38.18%,29.55%,46.49%,44.50%,41.99%,33.69%,41.74%,39.04%,43.19%,32.74%,49.58%,39.25%,37.21%,41.38%,39.73%,40.61%,39.96%,29.53%,39.68%,32.34%,32.42%,37.12%,35.40%,35.12%,36.24%,31.63%,32.59%,31.89%,18.42%,28.05%,21.75%,26.51%,10.60%,9.91%,24.25%,23.86%,Upgrade
Profit Margin,22.86%,35.04%,34.08%,14.34%,31.34%,24.00%,37.70%,36.26%,34.61%,27.90%,32.92%,30.85%,34.06%,26.27%,38.60%,30.50%,29.53%,34.19%,33.18%,32.30%,31.41%,12.28%,26.30%,21.86%,22.54%,25.42%,24.24%,23.17%,24.23%,23.98%,21.57%,21.04%,12.42%,19.36%,15.50%,18.28%,8.73%,8.18%,16.99%,16.51%,Upgrade
Free Cash Flow Margin,44.25%,36.39%,16.74%,56.15%,25.69%,23.31%,6.11%,48.80%,38.41%,71.57%,-6.68%,-13.57%,41.03%,13.90%,28.08%,9.77%,51.40%,38.21%,20.89%,15.71%,45.45%,0.56%,27.56%,33.60%,17.60%,4.94%,27.58%,50.45%,-8.15%,8.47%,57.12%,-4.17%,19.44%,12.33%,19.54%,13.73%,7.72%,9.25%,9.90%,25.76%,Upgrade
Effective Tax Rate,18.92%,12.42%,17.38%,20.66%,17.93%,18.78%,18.89%,18.51%,17.56%,17.16%,21.11%,20.96%,21.13%,19.75%,22.15%,21.83%,20.63%,17.38%,16.49%,20.47%,21.39%,58.42%,33.72%,32.41%,30.46%,31.52%,31.52%,34.01%,33.08%,23.93%,33.59%,33.78%,32.38%,30.96%,28.70%,31.06%,17.64%,17.41%,29.93%,30.79%,Upgrade
EBITDA,68.24,107.37,109.99,47.2,90.96,71.22,110.9,103.46,94.11,76.39,95.97,86.7,109.77,76.49,114.54,80.11,67.54,74.96,73.31,74.27,71.96,51.93,48.47,38.82,36.76,44.14,38.4,38.67,39.21,34.13,36.58,34.29,15.92,21.02,13.74,16.28,7.18,6.3,11.37,10.98,Upgrade
EBITDA Margin,34.21%,45.18%,46.51%,24.66%,43.78%,35.43%,51.90%,50.08%,48.31%,40.25%,47.96%,45.49%,48.41%,38.12%,54.04%,43.95%,41.82%,46.06%,44.07%,44.78%,44.05%,33.73%,44.19%,36.79%,37.46%,41.59%,39.73%,39.12%,40.46%,34.42%,36.53%,36.04%,22.70%,32.20%,24.24%,30.03%,14.41%,13.61%,27.87%,27.58%,Upgrade
Depreciation & Amortization,12.01,12.3,12.43,12.59,11.64,11.82,11.56,11.51,12.32,12.45,12.44,12.31,11.84,10.8,9.44,8.57,7.45,7.6,7.21,6.92,6.68,6.47,4.94,4.7,4.95,4.75,4.19,3.95,4.09,2.77,3.94,3.94,3,2.71,1.41,1.91,1.9,1.71,1.48,1.48,Upgrade
EBIT,56.23,95.07,97.56,34.61,79.32,59.39,99.34,91.94,81.78,63.94,83.53,74.4,97.93,65.7,105.1,71.54,60.09,67.35,66.1,67.35,65.28,45.46,43.53,34.13,31.81,39.39,34.21,34.72,35.12,31.36,32.64,30.35,12.92,18.31,12.33,14.37,5.28,4.58,9.89,9.5,Upgrade
EBIT Margin,28.19%,40.01%,41.25%,18.08%,38.18%,29.55%,46.49%,44.50%,41.99%,33.69%,41.74%,39.04%,43.19%,32.74%,49.58%,39.25%,37.21%,41.38%,39.73%,40.61%,39.96%,29.53%,39.68%,32.34%,32.42%,37.12%,35.40%,35.12%,36.24%,31.63%,32.59%,31.89%,18.42%,28.05%,21.75%,26.51%,10.60%,9.91%,24.25%,23.86%,Upgrade
