Metrics,2022-12-31,2022-09-30,2022-06-30,2022-03-31,2021-12-31,2021-09-30,2021-06-30,2021-03-31,2020-12-31,2020-09-30,2020-06-30,2020-03-31,2019-12-31,2019-09-30,2019-06-30,2019-03-31,2018-12-31,2018-09-30,2018-06-30,2018-03-31,2017-12-31,2017-09-30,2017-06-30,2017-03-31,2016-12-31,2016-09-30,2016-06-30,2016-03-31,2015-12-31,2015-09-30,2015-06-30,2015-03-31,2014-12-31,2014-09-30,2014-06-30,2014-03-31,2013-12-31,2013-09-30,2013-06-30,2013-03-31,+32 Quarters
Revenue,13.09,12.05,12.66,11.84,10.66,10.94,10.57,9.88,9.46,8.93,7.87,8.45,6.99,6.77,5.84,6.04,6.11,5.97,5.78,6.08,5.76,4.94,4.8,4.78,5.03,4.87,5.64,5.16,4.98,4.89,4.71,5.7,4.77,4.87,4.54,4.73,4.77,4.53,4.47,4.48,Upgrade
Revenue Growth (YoY),22.81%,10.08%,19.70%,19.76%,12.67%,22.58%,34.40%,16.92%,35.42%,31.80%,34.73%,39.97%,14.36%,13.56%,0.99%,-0.61%,6.02%,20.65%,20.41%,27.13%,14.62%,1.50%,-14.86%,-7.31%,0.84%,-0.35%,19.72%,-9.49%,4.55%,0.37%,3.70%,20.41%,0.02%,7.55%,1.75%,5.67%,50.73%,-20.92%,1.43%,-12.08%,Upgrade
Gross Profit,13.09,12.05,12.66,11.84,10.66,10.94,10.57,9.88,9.46,8.93,7.87,8.45,6.99,6.77,5.84,6.04,6.11,5.97,5.78,6.08,5.76,4.94,4.8,4.78,5.03,4.87,5.64,5.16,4.98,4.89,4.71,5.7,4.77,4.87,4.54,4.73,4.77,4.53,4.47,4.48,Upgrade
Selling & Marketing,0.51,0.3,0.36,0.31,0.23,0.28,0.23,0.21,0.24,0.16,0.2,0.17,0.17,0.14,0.14,0.2,0.18,0.22,0.18,0.22,0.25,0.18,0.19,0.22,0.88,0,0,0,0.66,0,0,0,0.68,0,0,0,0.62,0,0,0,Upgrade
General & Administrative,5.06,3.57,4.01,4.99,3.81,4.3,3.9,3.81,3.82,3.26,3.07,3.45,3.27,2.79,2.88,3.21,3.2,3.07,2.71,2.59,3.13,2.37,2.25,1.74,3.77,1.4,1.98,1.59,3.24,1.5,1.3,1.41,3.16,1.41,1.37,1.37,3.42,1.25,1.26,1.43,Upgrade
Operating Income,9.27,7.29,7.4,6.44,6.27,6.41,6.64,5.93,5.48,5.62,4.79,5.2,4.44,4.72,3.36,3.38,2.88,3.03,2.95,3.13,1.94,2.16,2.08,1.88,2.32,2.33,2.44,2.59,2.44,2.42,3.19,3.15,3.31,2.27,2.44,2.32,2.25,2.21,2.09,2.08,Upgrade
Interest Income,14.09,12.47,11.28,10.81,10.81,10.53,10.02,10.37,10.11,9.13,8.73,8.23,7.93,7.56,7.14,7.14,6.74,6.5,6.07,6,5.66,5.13,4.93,4.76,4.8,4.78,5,4.98,4.81,4.68,4.42,4.33,4.35,4.54,4.37,4.49,4.53,4.35,4.39,4.48,Upgrade
Interest Expense,2.94,1.55,1.04,1,1.03,1.02,1.11,1.22,1.32,1.43,1.64,1.77,1.84,1.85,1.69,1.65,1.29,1.04,0.88,0.74,0.63,0.63,0.49,0.38,0.3,0.3,0.3,0.33,0.25,0.24,0.22,0.22,0.24,0.26,0.26,0.26,0.27,0.3,0.34,0.38,Upgrade
Other Expense / Income,14.09,12.47,11.28,10.81,10.81,10.53,10.02,10.37,10.11,9.13,8.73,8.23,7.93,7.56,7.14,7.14,6.74,6.5,6.07,6,5.66,5.13,4.93,4.76,4.8,4.78,5,4.98,4.81,4.68,4.42,4.33,4.35,4.54,4.37,4.49,4.53,4.35,4.39,4.48,Upgrade
Pretax Income,6.33,5.74,6.36,5.44,5.24,5.39,5.54,4.71,4.16,4.19,3.15,3.43,2.61,2.88,1.66,1.73,1.59,1.99,2.08,2.39,1.31,1.53,1.58,1.5,2.02,2.04,2.14,2.26,2.19,2.18,2.97,2.93,3.08,2.02,2.18,2.06,1.99,1.91,1.76,1.71,Upgrade
Income Tax,1.77,1.77,1.86,1.51,1.55,1.6,1.64,1.39,1.23,1.24,0.93,1.02,0.77,0.83,0.49,0.3,0.47,0.49,0.61,0.65,0.83,0.53,0.65,0.62,0.83,0.84,0.88,0.93,0.9,0.9,1.22,1.21,1.27,0.83,0.9,0.85,0.82,0.79,0.72,0.7,Upgrade
Net Income,4.55,3.98,4.5,3.94,3.69,3.8,3.9,3.32,2.93,2.95,2.22,2.42,1.84,2.05,1.17,1.43,1.12,1.51,1.46,1.74,0.48,1,0.93,0.88,1.19,1.2,1.25,1.33,1.28,1.28,1.75,1.72,1.81,1.18,1.28,1.21,1.17,1.12,1.03,1,Upgrade
Net Income Growth,23.49%,4.82%,15.47%,18.63%,25.88%,28.50%,75.74%,37.35%,59.62%,44.45%,89.25%,69.47%,63.69%,35.88%,-19.78%,-18.10%,134.03%,50.35%,57.10%,97.50%,-59.68%,-16.44%,-25.84%,-33.66%,-7.48%,-6.41%,-28.18%,-22.88%,-29.06%,8.20%,36.30%,42.31%,54.97%,5.53%,24.25%,20.76%,14.06%,14.74%,23.47%,63.46%,Upgrade
Shares Outstanding (Basic),-,7,7,7,7,7,7,7,6,7,7,7,6,7,7,7,6,7,7,7,6,7,7,7,6,7,7,7,6,7,7,7,6,7,7,7,6,7,7,7,Upgrade
Shares Outstanding (Diluted),-,7,7,7,7,7,7,7,6,7,7,7,6,7,7,7,6,7,7,7,6,7,7,7,6,7,7,7,6,7,7,7,6,7,7,7,6,7,7,7,Upgrade
Shares Change,-,0.12%,0.07%,0.04%,10.05%,-0.02%,0.02%,0.02%,-,-,-0.02%,0.02%,0.05%,-,0.02%,0.12%,0.51%,0.26%,0.25%,0.18%,0.31%,0.13%,0.21%,0.27%,0.63%,0.04%,-0.04%,-0.14%,0.04%,0.08%,0.31%,0.35%,0.08%,0.90%,0.86%,0.94%,0.67%,0.95%,0.80%,0.65%,Upgrade
EPS (Basic),-,0.59,0.67,0.59,0.55,0.57,0.58,0.50,0.48,0.45,0.34,0.36,0.30,0.31,0.17,0.21,0.18,0.23,0.22,0.26,0.08,0.15,0.14,0.14,0.20,0.18,0.19,0.20,0.21,0.19,0.26,0.25,0.30,0.17,0.19,0.18,0.20,0.17,0.15,0.13,Upgrade
EPS (Diluted),-,0.59,0.67,0.59,0.55,0.57,0.58,0.50,0.48,0.45,0.34,0.36,0.30,0.31,0.17,0.21,0.18,0.23,0.22,0.26,0.08,0.15,0.14,0.14,0.20,0.18,0.19,0.20,0.21,0.19,0.25,0.25,0.30,0.17,0.19,0.17,0.20,0.17,0.15,0.13,Upgrade
EPS Growth,-,3.51%,15.52%,18.00%,14.58%,26.67%,70.59%,38.89%,60.00%,45.16%,100.00%,71.43%,66.67%,34.78%,-22.73%,-19.23%,126.70%,53.33%,57.14%,85.71%,-60.30%,-16.67%,-26.32%,-30.00%,-4.76%,-5.26%,-24.00%,-20.00%,-30.00%,11.76%,31.58%,47.06%,50.00%,0%,26.67%,30.77%,17.65%,21.43%,50.00%,98.47%,Upgrade
Free Cash Flow Per Share,-,-7.54,5.08,3.37,6.98,0.56,-0.21,0.45,0.38,-0.16,0.14,0.22,0.89,-0.48,0.08,0.07,0.10,0.32,-0.06,0.08,0.20,0.21,0.10,0.12,0.12,0.28,0.10,0.27,0.06,0.42,0.11,0.09,0.04,0.42,0.14,0.03,0.21,0.19,0.16,0.30,Upgrade
Gross Margin,100.00%,100.00%,100.00%,100.00%,100.00%,100.00%,100.00%,100.00%,100.00%,100.00%,100.00%,100.00%,100.00%,100.00%,100.00%,100.00%,100.00%,100.00%,100.00%,100.00%,100.00%,100.00%,100.00%,100.00%,100.00%,100.00%,100.00%,100.00%,100.00%,100.00%,100.00%,100.00%,100.00%,100.00%,100.00%,100.00%,100.00%,100.00%,100.00%,100.00%,Upgrade
Operating Margin,70.79%,60.54%,58.50%,54.38%,58.80%,58.57%,62.82%,59.99%,57.98%,62.99%,60.93%,61.50%,63.61%,69.71%,57.48%,55.93%,47.22%,50.81%,51.09%,51.42%,33.74%,43.69%,43.23%,39.37%,46.22%,47.92%,43.21%,50.22%,48.90%,49.47%,67.69%,55.34%,69.52%,46.67%,53.71%,48.99%,47.23%,48.72%,46.81%,46.45%,Upgrade
Profit Margin,34.79%,33.03%,35.56%,33.24%,34.60%,34.69%,36.87%,33.56%,30.97%,33.09%,28.19%,28.57%,26.27%,30.19%,20.07%,23.59%,18.35%,25.23%,25.27%,28.63%,8.31%,20.25%,19.37%,18.43%,23.64%,24.59%,22.23%,25.75%,25.76%,26.19%,37.06%,30.22%,37.97%,24.29%,28.20%,25.57%,24.51%,24.76%,23.09%,22.38%,Upgrade
Free Cash Flow Margin,56.86%,-418.41%,268.22%,190.60%,437.28%,34.02%,-13.42%,30.64%,24.40%,-12.15%,11.52%,17.31%,77.28%,-47.52%,8.73%,7.47%,9.81%,35.91%,-6.47%,8.38%,21.28%,28.26%,13.33%,16.19%,14.56%,37.49%,11.37%,34.87%,6.98%,56.96%,15.54%,10.00%,5.37%,56.49%,20.01%,4.75%,25.77%,26.72%,23.07%,43.48%,Upgrade
Effective Tax Rate,28.03%,30.73%,29.23%,27.67%,29.64%,29.63%,29.59%,29.58%,29.59%,29.57%,29.61%,29.63%,29.61%,28.89%,29.57%,17.53%,29.59%,24.45%,29.59%,27.04%,63.52%,34.40%,41.21%,41.27%,41.22%,41.13%,41.26%,41.21%,41.24%,41.18%,41.21%,41.23%,41.18%,41.29%,41.18%,41.23%,41.19%,41.19%,41.25%,41.23%,Upgrade
EBITDA,9.37,7.39,7.5,6.53,6.37,6.51,6.74,6.04,5.32,5.82,5,5.41,4.54,4.68,3.6,3.58,2.98,3.12,3.04,3.21,2.03,2.24,2.16,1.96,2.38,2.42,2.52,2.68,2.54,2.51,3.29,3.25,3.42,2.38,2.55,2.42,2.36,2.35,2.24,2.29,Upgrade
EBITDA Margin,71.55%,61.34%,59.27%,55.20%,59.79%,59.44%,63.76%,61.08%,56.19%,65.14%,63.49%,63.96%,65.04%,69.04%,61.65%,59.22%,48.72%,52.22%,52.56%,52.82%,35.24%,45.39%,45.04%,41.09%,47.31%,49.68%,44.73%,51.87%,50.86%,51.41%,69.73%,57.11%,71.74%,48.85%,56.09%,51.20%,49.60%,51.90%,50.24%,51.07%,Upgrade
Depreciation & Amortization,0.1,0.1,0.1,0.1,0.11,0.1,0.1,0.11,-0.17,0.19,0.2,0.21,0.1,-0.05,0.24,0.2,0.09,0.08,0.09,0.09,0.09,0.08,0.09,0.08,0.06,0.09,0.09,0.09,0.1,0.1,0.1,0.1,0.11,0.11,0.11,0.11,0.11,0.14,0.15,0.21,Upgrade
EBIT,9.27,7.29,7.4,6.44,6.27,6.41,6.64,5.93,5.48,5.62,4.79,5.2,4.44,4.72,3.36,3.38,2.88,3.03,2.95,3.13,1.94,2.16,2.08,1.88,2.32,2.33,2.44,2.59,2.44,2.42,3.19,3.15,3.31,2.27,2.44,2.32,2.25,2.21,2.09,2.08,Upgrade
EBIT Margin,70.79%,60.54%,58.50%,54.38%,58.80%,58.57%,62.82%,59.99%,57.98%,62.99%,60.93%,61.50%,63.61%,69.71%,57.48%,55.93%,47.22%,50.81%,51.09%,51.42%,33.74%,43.69%,43.23%,39.37%,46.22%,47.92%,43.21%,50.22%,48.90%,49.47%,67.69%,55.34%,69.52%,46.67%,53.71%,48.99%,47.23%,48.72%,46.81%,46.45%,Upgrade
