Metrics,2023-03-31,2022-12-31,2022-09-30,2022-06-30,2022-03-31,2021-12-31,2021-09-30,2021-06-30,2021-03-31,2020-12-31,2020-09-30,2020-06-30,2020-03-31,2019-12-31,2019-09-30,2019-06-30,2019-03-31,2018-12-31,2018-09-30,2018-06-30,2018-03-31,2017-12-31,2017-09-30,2017-06-30,2017-03-31,2016-12-31,2016-09-30,2016-06-30,2016-03-31,2015-12-31,2015-09-30,2015-06-30,2015-03-31,2014-12-31,2014-09-30,2014-06-30,2014-03-31,2013-12-31,2013-09-30,2013-06-30,+69 Quarters
Revenue,102.78,110.54,105.95,99.38,74.69,85.31,84.76,83.3,88.61,78.15,70.94,54.07,66.94,78.68,79.13,77.2,77.27,75.79,70.17,58.68,57.51,55.33,56.25,57.14,55.25,57.05,57.31,53.18,50.98,53.49,52.5,51.23,46.33,46.15,39.62,33.51,35.72,33.52,35.89,34.11,Upgrade
Revenue Growth (YoY),37.60%,29.58%,25.00%,19.30%,-15.71%,9.15%,19.48%,54.05%,32.37%,-0.67%,-10.34%,-29.96%,-13.37%,3.81%,12.76%,31.56%,34.36%,36.99%,24.76%,2.70%,4.09%,-3.02%,-1.85%,7.45%,8.38%,6.65%,9.16%,3.79%,10.05%,15.92%,32.53%,52.88%,29.68%,37.67%,10.39%,-1.74%,-0.48%,0.79%,4.85%,2.91%,Upgrade
Gross Profit,102.78,110.54,105.95,99.38,74.69,85.31,84.76,83.3,88.61,78.15,70.94,54.07,66.94,78.68,79.13,77.2,77.27,75.79,70.17,58.68,57.51,55.33,56.25,57.14,55.25,57.05,57.31,53.18,50.98,53.49,52.5,51.23,46.33,46.15,39.62,33.51,35.72,33.52,35.89,34.11,Upgrade
"Selling, General & Admin",32.56,33.36,33.53,34.37,28.6,27.67,26.27,27.08,25.33,28.47,29.32,27.06,27.27,27.32,26.9,26.72,25.13,25.01,25.82,21.45,21.65,20.61,20.93,20.49,20.89,20.55,20.86,20.05,19.27,18.53,17.53,17.24,18.1,17.56,13.37,13.32,13.3,13.22,12.86,12.89,Upgrade
Other Operating Expenses,21.23,26.11,20.94,21.89,17.85,19.01,19.53,17.09,16.29,17.27,17.39,18.5,17.48,19.65,19.45,19.98,20.32,20.23,21.71,16.42,16.51,16.9,16.29,15.41,14.93,16.01,16.56,18.22,14.49,16.15,13.91,15.19,14.18,19.01,12.01,11.8,10.01,11.65,10.76,10.62,Upgrade
Operating Expenses,53.79,59.47,54.47,56.26,46.45,46.68,45.81,44.17,41.62,45.75,46.71,45.55,44.75,46.96,46.34,46.7,45.45,45.25,47.53,37.87,38.16,37.51,37.22,35.9,35.82,36.56,37.42,38.27,33.75,34.68,31.44,32.44,32.28,36.57,25.38,25.12,23.32,24.88,23.62,23.51,Upgrade
Operating Income,48.98,51.07,51.49,43.11,28.24,38.63,38.96,39.13,46.99,32.41,24.23,8.52,22.19,31.72,32.78,30.5,31.82,30.55,22.65,20.81,19.35,17.82,19.03,21.24,19.43,20.49,19.89,14.91,17.23,18.81,21.06,18.8,14.04,9.58,14.24,8.4,12.41,8.64,12.27,10.6,Upgrade
Pretax Income,48.98,51.07,51.49,43.11,28.24,38.63,38.96,39.13,46.99,32.41,24.23,8.52,22.19,31.72,32.78,30.5,31.82,30.55,22.65,20.81,19.35,17.82,19.03,21.24,19.43,20.49,19.89,14.91,17.23,18.81,21.06,18.8,14.04,9.58,14.24,8.4,12.41,8.64,12.27,10.6,Upgrade
Income Tax,13.15,14.72,14.15,11.75,7.87,10.4,11.53,10.77,13.34,8.75,6.62,1.09,6.07,8.83,9.39,7.44,9.1,7.33,6.48,5.78,5.44,14.83,7.13,7.65,7.35,7.95,7.69,5.51,6.56,7.39,8.37,7.43,5.71,3.93,6,3.54,5.04,3.41,4.91,4.27,Upgrade
Net Income,35.83,36.34,37.34,31.36,20.37,28.22,27.42,28.36,33.65,23.66,17.61,7.43,16.12,22.89,23.4,23.06,22.73,23.21,16.17,15.03,13.91,2.99,11.9,13.59,12.08,12.53,12.2,9.41,10.67,11.42,12.69,11.37,8.34,5.65,8.23,4.86,7.37,5.24,7.36,6.33,Upgrade
Net Income Growth,75.88%,28.78%,36.16%,10.58%,-39.45%,19.30%,55.75%,281.72%,108.73%,3.35%,-24.74%,-67.78%,-29.06%,-1.38%,44.68%,53.44%,63.38%,676.55%,35.92%,10.60%,15.16%,-76.15%,-2.48%,44.49%,13.16%,9.73%,-3.90%,-17.25%,28.05%,102.16%,54.17%,133.92%,13.18%,7.91%,11.86%,-23.18%,-13.12%,10.89%,46.63%,18.87%,Upgrade
Shares Outstanding (Basic),33,33,33,34,30,30,30,30,30,30,30,30,30,31,31,30,30,30,30,23,23,23,23,23,23,23,23,23,23,23,23,23,23,23,16,16,16,16,16,16,Upgrade
Shares Change,12.01%,12.16%,12.23%,13.18%,0.01%,-0.18%,-0.16%,-0.02%,-2.32%,-2.46%,-2.46%,-2.40%,0.03%,0.34%,0.32%,32.57%,32.53%,32.59%,32.65%,0.42%,0.37%,0.50%,0.45%,0.39%,0.38%,0.28%,0.32%,0.20%,0.20%,0.22%,41.01%,41.03%,41.18%,41.29%,0.35%,0.67%,0.64%,0.52%,0.52%,0.21%,Upgrade
EPS (Basic),1.08,1.09,1.12,0.93,0.68,0.95,0.92,0.95,1.13,0.80,0.59,0.25,0.53,0.75,0.77,0.76,0.75,0.79,0.54,0.65,0.61,0.13,0.52,0.59,0.53,0.54,0.53,0.41,0.47,0.51,0.56,0.50,0.37,0.20,0.51,0.30,0.46,0.33,0.46,0.39,Upgrade
EPS (Diluted),1.07,1.09,1.12,0.93,0.67,0.95,0.92,0.95,1.13,0.79,0.59,0.25,0.53,0.75,0.76,0.75,0.74,0.78,0.53,0.65,0.60,0.12,0.51,0.58,0.52,0.54,0.53,0.41,0.46,0.50,0.55,0.49,0.36,0.21,0.50,0.30,0.45,0.32,0.45,0.39,Upgrade
EPS Growth,59.70%,14.74%,21.74%,-2.11%,-40.71%,20.25%,55.93%,280.00%,113.21%,5.33%,-22.37%,-66.67%,-28.38%,-3.85%,43.40%,15.38%,23.33%,550.00%,3.92%,12.07%,15.38%,-77.78%,-3.77%,41.46%,13.04%,8.00%,-3.64%,-16.33%,27.78%,138.10%,10.00%,63.33%,-20.00%,-34.38%,11.11%,-23.08%,-15.09%,10.34%,45.16%,18.18%,Upgrade
Free Cash Flow Per Share,1.13,1.63,1.05,1.06,1.38,1.05,1.34,0.66,1.38,1.20,0.46,0.99,1.08,0.83,1.37,0.36,0.67,0.97,0.83,0.32,0.94,0.23,0.58,0.20,0.89,0.39,0.68,0.79,-0.15,0.34,0.76,0.53,0.54,0.21,0.56,-0.10,0.67,0.37,0.93,0.16,Upgrade
Dividend Per Share,0.300,0.300,0.300,0.250,0.250,0.250,0.250,0.250,0.250,0.220,0.220,0.220,0.220,0.220,0.220,0.190,0.190,0.190,0.170,0.170,0.170,0.170,0.170,0.170,0.150,0.150,0.150,0.150,0.150,0.150,0.130,0.130,0.110,0.110,0.110,0.110,0.110,0.110,0.110,0.110,Upgrade
Dividend Growth,20.00%,20.00%,20.00%,0%,0%,13.64%,13.64%,13.64%,13.64%,0%,0%,15.79%,15.79%,15.79%,29.41%,11.76%,11.76%,11.76%,0%,0%,13.33%,13.33%,13.33%,13.33%,0%,0%,15.38%,15.38%,36.36%,36.36%,18.18%,18.18%,0%,0%,0%,0%,22.22%,22.22%,22.22%,22.22%,Upgrade
Gross Margin,100.00%,100.00%,100.00%,100.00%,100.00%,100.00%,100.00%,100.00%,100.00%,100.00%,100.00%,100.00%,100.00%,100.00%,100.00%,100.00%,100.00%,100.00%,100.00%,100.00%,100.00%,100.00%,100.00%,100.00%,100.00%,100.00%,100.00%,100.00%,100.00%,100.00%,100.00%,100.00%,100.00%,100.00%,100.00%,100.00%,100.00%,100.00%,100.00%,100.00%,Upgrade
Operating Margin,47.66%,46.20%,48.59%,43.38%,37.81%,45.28%,45.96%,46.97%,53.03%,41.47%,34.15%,15.76%,33.15%,40.31%,41.43%,39.51%,41.18%,40.30%,32.27%,35.46%,33.65%,32.21%,33.83%,37.16%,35.17%,35.91%,34.71%,28.04%,33.80%,35.16%,40.12%,36.69%,30.32%,20.76%,35.93%,25.05%,34.73%,25.78%,34.19%,31.07%,Upgrade
Profit Margin,34.87%,32.88%,35.24%,31.56%,27.28%,33.08%,32.35%,34.05%,37.97%,30.27%,24.82%,13.74%,24.08%,29.09%,29.57%,29.87%,29.41%,30.63%,23.04%,25.61%,24.19%,5.40%,21.15%,23.78%,21.86%,21.97%,21.29%,17.69%,20.94%,21.35%,24.18%,22.18%,17.99%,12.24%,20.79%,14.50%,20.62%,15.62%,20.51%,18.55%,Upgrade
Free Cash Flow Margin,36.72%,49.23%,32.98%,35.93%,54.76%,36.58%,47.07%,23.58%,46.28%,45.74%,19.46%,54.71%,49.08%,32.18%,52.96%,14.09%,26.42%,38.88%,36.15%,12.52%,37.41%,9.53%,23.60%,8.12%,36.86%,15.62%,27.05%,33.64%,-6.52%,14.56%,32.90%,23.46%,26.46%,10.53%,22.66%,-5.00%,29.99%,17.65%,41.78%,7.44%,Upgrade
Effective Tax Rate,26.84%,28.83%,27.48%,27.25%,27.86%,26.94%,29.61%,27.52%,28.39%,27.00%,27.33%,12.81%,27.36%,27.83%,28.63%,24.40%,28.58%,24.01%,28.60%,27.78%,28.11%,83.22%,37.47%,36.01%,37.84%,38.82%,38.68%,36.93%,38.06%,39.28%,39.73%,39.54%,40.64%,41.02%,42.16%,42.13%,40.63%,39.41%,40.01%,40.31%,Upgrade
EBITDA,53.94,55.89,56.22,47.92,32.25,42.67,43.32,43.55,51.44,36.84,28.59,12.89,26.6,39.84,33.11,35.53,35.57,34.08,25.72,22.77,21.3,19.86,21.17,23.27,21.39,22.45,21.88,16.99,19.06,20.52,22.75,20.68,15.83,11.57,15.62,9.69,13.92,10.09,13.59,11.63,Upgrade
EBITDA Margin,52.49%,50.56%,53.06%,48.22%,43.18%,50.02%,51.11%,52.28%,58.05%,47.13%,40.31%,23.83%,39.74%,50.64%,41.85%,46.02%,46.03%,44.96%,36.65%,38.80%,37.04%,35.89%,37.63%,40.73%,38.72%,39.35%,38.17%,31.95%,37.38%,38.36%,43.33%,40.37%,34.16%,25.07%,39.43%,28.91%,38.97%,30.10%,37.87%,34.10%,Upgrade
Depreciation & Amortization,4.96,4.83,4.73,4.81,4.01,4.05,4.37,4.42,4.45,4.43,4.37,4.36,4.41,8.13,0.33,5.02,3.75,3.53,3.08,1.96,1.95,2.04,2.14,2.04,1.96,1.96,1.98,2.08,1.83,1.71,1.69,1.89,1.78,1.99,1.38,1.29,1.52,1.45,1.32,1.03,Upgrade
EBIT,48.98,51.07,51.49,43.11,28.24,38.63,38.96,39.13,46.99,32.41,24.23,8.52,22.19,31.72,32.78,30.5,31.82,30.55,22.65,20.81,19.35,17.82,19.03,21.24,19.43,20.49,19.89,14.91,17.23,18.81,21.06,18.8,14.04,9.58,14.24,8.4,12.41,8.64,12.27,10.6,Upgrade
EBIT Margin,47.66%,46.20%,48.59%,43.38%,37.81%,45.28%,45.96%,46.97%,53.03%,41.47%,34.15%,15.76%,33.15%,40.31%,41.43%,39.51%,41.18%,40.30%,32.27%,35.46%,33.65%,32.21%,33.83%,37.16%,35.17%,35.91%,34.71%,28.04%,33.80%,35.16%,40.12%,36.69%,30.32%,20.76%,35.93%,25.05%,34.73%,25.78%,34.19%,31.07%,Upgrade
