Metrics,2023-03-31,2022-12-31,2022-09-30,2022-06-30,2022-03-31,2021-12-31,2021-09-30,2021-06-30,2021-03-31,2020-12-31,2020-09-30,2020-06-30,2020-03-31,2019-12-31,2019-09-30,2019-06-30,2019-03-31,2018-12-31,2018-09-30,2018-06-30,2018-03-31,2017-12-31,2017-09-30,2017-06-30,2017-03-31,2016-12-31,2016-09-30,2016-06-30,2016-03-31,2015-12-31,2015-09-30,2015-06-30,2015-03-31,2014-12-31,2014-09-30,2014-06-30,2014-03-31
Revenue,33.63,34.95,29.7,27.43,27.35,25.87,21.23,20.32,19.97,23.42,23.13,23.8,20.84,21.27,15.69,18.94,17.49,17.8,17.68,16.55,12.62,11.11,10.42,15.68,14.3,10.65,12.5,9.41,11.08,11.43,9.25,11.61,9.81,10.69,7.86,6.8,1.31
Revenue Growth (YoY),22.96%,35.09%,39.91%,34.97%,36.92%,10.45%,-8.21%,-14.60%,-4.16%,10.15%,47.39%,25.63%,19.15%,19.47%,-11.25%,14.43%,38.61%,60.28%,69.67%,5.55%,-11.78%,4.28%,-16.66%,66.74%,29.11%,-6.81%,35.23%,-18.96%,12.96%,6.89%,17.65%,70.75%,649.85%,-,-,-,-
Cost of Revenue,4.31,4.2,4.03,7.06,7.1,6.49,5.65,5.5,5.15,5.85,6.4,6.12,2.77,3.83,4.02,4.61,4.24,4.28,4.35,3.97,3.02,2.56,2.63,3.65,3.05,2.66,2.94,1.34,1.37,2.83,1.66,2.98,2.32,2.47,1.79,1.04,0.14
Gross Profit,29.32,30.75,25.67,20.36,20.25,19.38,15.58,14.83,14.82,17.57,16.73,17.68,18.07,17.44,11.68,14.34,13.25,13.52,13.33,12.58,9.6,8.55,7.79,12.04,11.26,7.99,9.56,8.07,9.71,8.6,7.59,8.63,7.49,8.22,6.07,5.76,1.16
"Selling, General & Admin",1.49,1.87,1.65,1.58,1.6,1.69,1.59,1.28,1.57,2.19,1.01,1.83,1.67,2.35,1.36,1.2,1.13,1.4,1.18,1.25,1.14,1.2,1.11,1.05,0.94,1.04,1.03,1.21,1.19,0.98,1.05,1.13,1.19,0.98,0.95,1.13,0.17
Other Operating Expenses,0,0,0,0,0,0,0,0,0,0,0,0,0,0,0,0,0,0,0,0,0,0,0,0,0,0,0,0,0,-0.22,0.21,0.01,-0.3,-0.22,0.23,0.28,0.28
Operating Expenses,1.49,1.87,1.65,1.58,1.6,1.69,1.59,1.28,1.57,2.19,1.01,1.83,1.67,2.35,1.36,1.2,1.13,1.4,1.18,1.25,1.14,1.2,1.11,1.05,0.94,1.04,1.03,1.21,1.19,0.76,1.26,1.14,0.9,0.76,1.18,1.41,0.44
Operating Income,27.82,28.88,24.01,18.78,18.65,17.69,13.99,13.54,13.26,15.39,15.71,15.85,16.4,15.09,10.32,13.13,12.12,12.12,12.15,11.33,8.47,7.35,6.67,10.98,10.32,6.96,8.53,6.86,8.52,7.84,6.33,7.49,6.59,7.46,4.89,4.35,0.72
Interest Expense / Income,9.25,8.38,7.15,6.13,5.1,4.79,4.1,4.14,4.35,3.51,3.51,4.31,4.16,3.99,3.2,3.01,2.2,1.89,2.14,2.53,2.52,2.2,2.31,2.15,2.41,2.13,2.04,1.9,1.79,1.79,1.66,1.19,1.64,1.6,1.37,0.93,0.15
Other Expense / Income,10.9,32.29,16.43,27.07,7.84,-0.95,-28.97,-2.58,-2.95,7.12,-2.24,-9.69,17.36,5.46,15.93,-13.74,-1.15,0.92,-0.9,0.41,-2,1.3,0.69,0.91,4.14,-2.12,-4.94,4.96,13.99,6.03,-1.04,-0.75,2.21,1.08,-1.15,-1.41,-1.37
Pretax Income,7.68,-11.79,0.43,-14.41,5.71,13.85,38.86,11.99,11.86,4.76,14.44,21.22,-5.12,5.64,-8.81,23.86,11.07,9.32,10.91,8.4,7.94,3.85,3.68,7.92,3.78,6.95,11.44,0,-7.26,0.02,5.72,7.05,2.74,4.78,4.67,4.83,1.94
Net Income,7.68,-11.79,0.43,-14.41,5.71,13.85,38.86,11.99,11.86,4.76,14.44,21.22,-5.12,5.64,-8.81,23.86,11.07,9.32,10.91,8.4,7.94,3.85,3.68,7.92,3.78,6.95,11.44,0,-7.26,0.02,5.72,7.05,2.74,4.78,4.67,4.83,1.94
Net Income Growth,34.60%,-,-98.89%,-,-51.89%,191.09%,169.04%,-43.52%,-,-15.62%,-,-11.06%,-,-39.45%,-,184.23%,39.36%,141.95%,196.52%,5.98%,110.30%,-44.56%,-67.83%,263933.33%,-,36452.63%,100.09%,-99.96%,-,-99.60%,22.30%,45.83%,40.97%,-,-,-,-
Shares Outstanding (Basic),35,35,33,31,31,31,31,31,31,31,31,31,30,25,25,25,25,20,22,18,18,17,16,16,16,16,16,16,16,17,17,17,10,10,10,10,10
Shares Outstanding (Diluted),35,35,33,31,31,31,31,31,31,31,31,31,30,25,25,25,25,20,22,18,18,17,16,16,16,16,16,16,16,17,17,17,10,10,10,10,10
Shares Change,13.99%,13.95%,7.81%,0.39%,0.42%,0.49%,0.53%,0.55%,3.34%,23.85%,23.84%,23.85%,20.58%,21.54%,14.90%,39.84%,39.77%,18.48%,35.06%,10.96%,10.94%,8.36%,-0.42%,-1.77%,-1.97%,-3.81%,-3.35%,-1.69%,58.50%,67.66%,68.63%,68.25%,4.50%,-,-,-,-
EPS (Basic),0.22,-0.35,0.01,-0.46,0.18,0.44,1.26,0.39,0.38,0.16,0.47,0.69,-0.17,0.23,-0.35,0.96,0.45,0.35,0.50,0.47,0.45,0.22,0.23,0.50,0.24,0.43,0.71,-,-0.45,-0.04,0.34,0.43,0.27,0.49,0.47,0.49,0.20
EPS (Diluted),0.22,-0.35,0.01,-0.46,0.18,0.44,1.26,0.39,0.38,0.16,0.47,0.69,-0.17,0.23,-0.35,0.96,0.45,0.35,0.50,0.47,0.45,0.22,0.23,0.50,0.24,0.43,0.71,-,-0.45,-0.04,0.34,0.43,0.27,0.49,0.47,0.49,0.20
EPS Growth,22.22%,-,-99.21%,-,-52.63%,175.00%,168.09%,-43.48%,-,-30.43%,-,-28.13%,-,-34.29%,-,104.26%,0%,59.09%,117.39%,-6.00%,87.50%,-48.84%,-67.61%,-,-,-,108.82%,-,-,-,-27.66%,-12.24%,35.00%,-,-,-,-
Free Cash Flow Per Share,-0.93,0.18,-2.52,-2.49,1.75,-2.20,-2.74,0.09,0.17,0.95,1.93,1.53,-2.42,-4.70,-1.61,-0.53,-0.70,-0.80,0.18,0.84,-1.15,-3.26,-3.28,5.24,3.14,-3.61,0.15,-1.09,-1.18,-0.59,-0.92,1.44,0.14,-0.44,-3.80,-19.97,-9.14
Dividend Per Share,0.400,0.470,0.360,0.360,0.360,0.360,0.360,0.360,0.360,0.460,0.360,0.360,0.360,0.360,0.360,0.360,0.360,0.460,0.360,0.360,0.360,0.360,0.360,0.360,0.360,0.360,0.360,0.360,0.360,0.360,0.360,0.360,0.360,0.510,0.320,0.390,-
Dividend Growth,11.11%,30.56%,0%,0%,0%,-21.74%,0%,0%,0%,27.78%,0%,0%,0%,-21.74%,0%,0%,0%,27.78%,0%,0%,0%,0%,0%,0%,0%,0%,0%,0%,0%,-29.41%,12.50%,-7.69%,-,-,-,-,-
Gross Margin,87.18%,87.97%,86.42%,74.25%,74.02%,74.91%,73.39%,72.95%,74.21%,75.03%,72.33%,74.29%,86.69%,82.01%,74.41%,75.68%,75.76%,75.95%,75.39%,76.03%,76.11%,76.97%,74.73%,76.74%,78.71%,75.06%,76.45%,85.81%,87.68%,75.25%,82.04%,74.33%,76.34%,76.92%,77.25%,84.74%,88.99%
Operating Margin,82.74%,82.63%,80.86%,68.47%,68.18%,68.39%,65.89%,66.63%,66.38%,65.69%,67.95%,66.60%,78.69%,70.97%,65.74%,69.34%,69.28%,68.10%,68.74%,68.46%,67.08%,66.18%,64.05%,70.02%,72.18%,65.32%,68.24%,72.95%,76.92%,68.60%,68.44%,64.53%,67.18%,69.78%,62.26%,64.04%,55.28%
Profit Margin,22.83%,-33.75%,1.45%,-52.55%,20.86%,53.55%,183.07%,58.98%,59.37%,20.32%,62.46%,89.18%,-24.56%,26.52%,-56.16%,125.98%,63.28%,52.33%,61.71%,50.72%,62.94%,34.67%,35.31%,50.51%,26.41%,65.22%,91.47%,0.03%,-65.50%,0.17%,61.82%,60.73%,27.93%,44.75%,59.47%,71.10%,148.55%
Free Cash Flow Margin,-98.01%,18.34%,-283.20%,-282.21%,198.22%,-263.59%,-399.08%,14.08%,26.85%,125.58%,256.67%,198.02%,-346.54%,-550.82%,-255.19%,-68.81%,-99.12%,-91.71%,22.66%,90.16%,-161.87%,-507.02%,-504.98%,534.85%,350.57%,-540.64%,19.94%,-188.42%,-173.40%,-85.50%,-166.08%,205.45%,14.49%,-40.49%,-477.07%,-2892.73%,-6877.91%
EBITDA,16.92,-3.41,7.59,-8.29,10.8,18.64,42.96,16.12,16.21,8.27,17.95,25.53,-0.96,9.63,-5.61,26.87,13.27,11.2,13.05,10.93,10.46,6.05,5.99,10.07,6.18,9.07,13.47,1.91,-5.46,1.81,7.37,8.24,4.38,6.38,6.04,5.76,2.1
EBITDA Margin,50.33%,-9.76%,25.54%,-30.21%,39.50%,72.04%,202.38%,79.34%,81.16%,35.31%,77.63%,107.30%,-4.59%,45.29%,-35.76%,141.87%,75.88%,62.95%,73.82%,66.02%,82.90%,54.48%,57.44%,64.22%,43.22%,85.18%,107.75%,20.27%,-49.31%,15.84%,79.73%,71.01%,44.69%,59.69%,76.90%,84.79%,160.32%
EBIT,16.92,-3.41,7.59,-8.29,10.8,18.64,42.96,16.12,16.21,8.27,17.95,25.53,-0.96,9.63,-5.61,26.87,13.27,11.2,13.05,10.93,10.46,6.05,5.99,10.07,6.18,9.07,13.47,1.91,-5.46,1.81,7.37,8.24,4.38,6.38,6.04,5.76,2.1
EBIT Margin,50.33%,-9.76%,25.54%,-30.21%,39.50%,72.04%,202.38%,79.34%,81.16%,35.31%,77.63%,107.30%,-4.59%,45.29%,-35.76%,141.87%,75.88%,62.95%,73.82%,66.02%,82.90%,54.48%,57.44%,64.22%,43.22%,85.18%,107.75%,20.27%,-49.31%,15.84%,79.73%,71.01%,44.69%,59.69%,76.90%,84.79%,160.32%
