Metrics,2023-03-31,2022-12-31,2022-09-30,2022-06-30,2022-03-31,2021-12-31,2021-09-30,2021-06-30,2021-03-31,2020-12-31,2020-09-30,2020-06-30,2020-03-31,2019-12-31,2019-09-30,2019-06-30,2019-03-31,2018-12-31,2018-09-30,2018-06-30,2018-03-31,2017-12-31,2017-09-30,2017-06-30,2017-03-31,2016-12-31,2016-09-30,2016-06-30,2016-03-31,2015-12-31,2015-09-30,2015-06-30,2015-03-31,2014-12-31,2014-09-30,2014-06-30,2014-03-31,2013-12-31,2013-09-30,2013-06-30,+25 Quarters
Revenue,200.51,202.06,237.84,261.92,283.18,258.29,297.45,270.01,272.75,222.33,220.25,184.33,283.08,255.19,310.61,278.42,262.39,202.67,197.06,184.1,181.04,160.95,171.49,152.77,132.52,100.84,94.56,94.29,94.71,78.34,69.8,55.14,50.94,43.86,41.31,42.14,40.04,36.41,37.34,37.41,Upgrade
Revenue Growth (YoY),-29.19%,-21.77%,-20.04%,-3.00%,3.82%,16.17%,35.05%,46.49%,-3.65%,-12.88%,-29.09%,-33.80%,7.89%,25.91%,57.62%,51.23%,44.94%,25.92%,14.91%,20.51%,36.61%,59.61%,81.36%,62.02%,39.91%,28.72%,35.46%,71.01%,85.95%,78.60%,68.99%,30.83%,27.22%,20.47%,10.61%,12.67%,42.58%,52.08%,60.30%,120.42%,Upgrade
Cost of Revenue,13.76,13.53,14.11,14.57,15.56,14.45,15.02,13.93,13.9,13.56,13.22,13.46,14.25,16.73,17.67,16.31,17.67,13.82,10.84,6.04,5.7,5.08,4.39,4.16,3.59,3.44,3.39,3.46,3.47,2.97,2.44,1.99,1.98,2.23,2.11,1.9,1.67,1.5,1.73,1.95,Upgrade
Gross Profit,186.75,188.53,223.73,247.35,267.62,243.84,282.43,256.08,258.86,208.77,207.03,170.86,268.83,238.46,292.93,262.11,244.72,188.85,186.22,178.06,175.34,155.87,167.11,148.61,128.92,97.41,91.17,90.83,91.24,75.37,67.37,53.15,48.96,41.63,39.2,40.25,38.37,34.91,35.61,35.46,Upgrade
"Selling, General & Admin",173.79,173.24,216.42,224.83,240.13,223.39,246.6,225.02,232.45,188.1,188.38,142.41,227.62,195.3,231.14,219.58,206.01,156.57,147.38,148.71,148.86,141.83,136.46,121.24,104.8,79.09,71.83,73.09,74.32,62.93,55.97,43.92,40.07,36.81,33.76,34.44,33.58,29.49,30.44,32.04,Upgrade
Research & Development,14.66,13.14,14.04,14.32,14.05,13.72,13.38,13.29,12.47,10.38,11.48,10.81,10.96,9.41,10.2,10.18,10.17,8.12,6.61,5.97,6.26,5.43,4.81,4.06,3.62,2.38,3.72,3.78,3.89,3.25,2.68,2.39,2.17,2.04,1.66,1.83,1.93,1.35,1.22,1.49,Upgrade
Other Operating Expenses,11.31,9.49,11.85,12.1,16.37,14.75,15.22,16.08,15.05,16.36,16.64,16.01,17.62,17.55,16.56,17.25,15.76,12.14,9.84,5.43,5.61,5.28,6.12,4.95,4.87,2.54,1.47,1.24,1.19,0.95,0.95,0.06,1,1.07,3.23,1.38,8.69,3.11,3.73,3.97,Upgrade
Operating Expenses,199.76,195.88,242.31,251.24,270.56,251.87,275.21,254.38,259.97,214.84,216.49,169.24,256.21,222.26,257.9,247.01,231.93,176.83,163.82,160.1,160.73,152.54,147.38,130.25,113.29,84,77.02,78.11,79.4,67.13,59.6,46.37,43.24,39.92,38.64,37.65,44.21,33.95,35.39,37.5,Upgrade
Operating Income,-13.01,-7.35,-18.58,-3.89,-2.94,-8.03,7.22,1.7,-1.11,-6.07,-9.46,1.63,12.63,16.2,35.03,15.11,12.79,12.02,22.4,17.96,14.61,3.33,19.73,18.36,15.63,13.4,14.15,12.72,11.85,8.25,7.77,6.78,5.72,1.71,0.55,2.6,-5.84,0.96,0.22,-2.05,Upgrade
Interest Expense / Income,-25.03,6.02,5.72,6.77,7.51,14.99,11.83,9.84,10.22,9.89,16.62,4.96,4.83,4.86,4.85,5.1,5.47,4.13,2.39,2.92,2.99,2.98,2.8,1.08,0.17,0.14,0.14,0.14,0.14,0.11,0,0.06,-0,0,0,0,0,0,0,0.01,Upgrade
Other Expense / Income,-1.83,-2.04,-1.52,-0.28,0,-82.69,-0.14,-5.65,-39.01,-2.61,6.49,30.31,-3.55,6.41,24.03,3.48,15.59,13.05,4.81,2.21,3.56,4.9,3.51,10.07,9.68,0.67,0.66,1.15,1.2,0.03,1.3,1.72,0.23,-13.53,0.17,2.93,0.57,1.52,0.53,-9.11,Upgrade
Pretax Income,13.85,-11.34,-22.77,-10.38,-10.44,59.68,-4.46,-2.49,27.69,-13.35,-32.57,-33.64,11.34,4.93,6.15,6.53,-8.26,-5.16,15.19,12.83,8.06,-4.54,13.41,7.21,5.79,12.59,13.35,11.42,10.5,8.11,6.48,4.99,5.49,15.24,0.38,-0.33,-6.41,-0.56,-0.31,7.06,Upgrade
Income Tax,0.4,-0.94,135.91,-2.34,0.38,11.75,-0,-9.09,8.64,-5.1,-7.93,-3.88,-3.06,3.07,1.89,-5.69,-7.75,-1.86,-10.53,-29.72,-23.46,3.18,4.29,-0.1,-1.08,5.27,6.73,3.57,4.8,-23.94,0.39,0.27,0.31,-0.4,-0,-0.08,-0,-0.36,-0.1,-0.02,Upgrade
Net Income,13.46,-10.4,-158.68,-8.04,-10.83,47.93,-4.46,6.6,19.05,-8.26,-24.64,-29.76,14.4,1.86,4.26,12.22,-0.51,-3.3,25.73,42.55,31.52,-7.73,9.12,7.32,6.87,7.32,6.62,7.85,5.7,32.05,6.09,4.72,5.19,15.64,0.38,-0.25,-6.41,-0.2,-0.21,7.08,Upgrade
Net Income Growth,-,-,-,-,-,-,-,-,32.28%,-,-,-,-,-,-83.43%,-71.28%,-,-,182.11%,481.40%,359.13%,-,37.85%,-6.80%,20.41%,-77.15%,8.67%,66.29%,9.93%,104.96%,1497.90%,-,-,-,-,-,-,-,-,-72.53%,Upgrade
Shares Outstanding (Basic),13,13,13,13,13,13,13,13,13,13,13,13,13,13,13,13,13,13,13,12,12,12,12,12,12,12,12,12,12,12,11,11,11,11,11,11,11,11,11,11,Upgrade
Shares Outstanding (Diluted),13,13,13,13,13,13,13,14,14,13,13,13,14,15,15,15,14,13,14,14,15,14,14,14,13,13,13,13,13,13,12,12,12,11,12,12,11,11,12,11,Upgrade
Shares Change,0.26%,-4.47%,-3.84%,-7.26%,-8.63%,2.58%,1.80%,5.66%,-0.28%,-10.54%,-10.93%,-12.91%,-0.20%,8.14%,5.65%,5.38%,-4.46%,-2.61%,0.55%,3.99%,10.17%,8.69%,8.10%,6.87%,4.69%,-2.16%,2.03%,3.21%,5.82%,16.19%,5.52%,4.09%,9.18%,1.71%,0.99%,6.43%,1.60%,2.35%,2.94%,4.19%,Upgrade
EPS (Basic),1.05,-0.81,-12.44,-0.63,-0.84,3.63,-0.34,0.50,1.46,-0.63,-1.89,-2.29,1.11,0.14,0.33,0.95,-0.04,-0.30,2.01,3.43,2.61,-0.65,0.76,0.61,0.58,0.62,0.56,0.67,0.48,2.76,0.53,0.41,0.46,1.40,0.03,-0.02,-0.58,-0.02,-0.02,0.64,Upgrade
EPS (Diluted),1.04,-0.81,-12.44,-0.63,-0.84,3.51,-0.34,0.48,1.35,-0.63,-1.89,-2.29,1.02,0.13,0.29,0.82,-0.04,-0.13,1.86,3.01,2.12,-0.57,0.66,0.54,0.51,0.57,0.52,0.62,0.44,2.54,0.49,0.38,0.43,1.40,0.03,-0.02,-0.58,-0.02,-0.02,0.64,Upgrade
EPS Growth,-,-,-,-,-,-,-,-,32.35%,-,-,-,-,-,-84.41%,-72.76%,-,-,181.82%,457.41%,315.69%,-,26.92%,-12.90%,15.91%,-77.56%,6.12%,63.16%,2.33%,81.43%,1533.33%,-,-,-,-,-,-,-,-,-73.44%,Upgrade
Free Cash Flow Per Share,0.83,1.11,0.60,0.25,0.51,2.86,1.69,3.10,-0.13,-1.01,-5.11,4.00,1.88,3.13,2.44,4.73,1.22,4.22,2.96,-0.59,0.96,2.83,1.12,2.42,1.22,-0.14,1.53,-0.20,0.66,0.03,1.21,0.71,0.36,0.08,-0.24,-0.13,-0.10,0.44,0.07,0.45,Upgrade
Gross Margin,93.14%,93.30%,94.07%,94.44%,94.50%,94.41%,94.95%,94.84%,94.91%,93.90%,94.00%,92.70%,94.97%,93.44%,94.31%,94.14%,93.27%,93.18%,94.50%,96.72%,96.85%,96.84%,97.44%,97.27%,97.29%,96.59%,96.41%,96.33%,96.33%,96.21%,96.51%,96.39%,96.12%,94.91%,94.89%,95.50%,95.84%,95.87%,95.36%,94.79%,Upgrade
Operating Margin,-6.49%,-3.64%,-7.81%,-1.49%,-1.04%,-3.11%,2.43%,0.63%,-0.41%,-2.73%,-4.29%,0.88%,4.46%,6.35%,11.28%,5.43%,4.87%,5.93%,11.36%,9.75%,8.07%,2.07%,11.50%,12.02%,11.79%,13.29%,14.96%,13.48%,12.51%,10.53%,11.14%,12.29%,11.23%,3.90%,1.34%,6.17%,-14.57%,2.64%,0.59%,-5.47%,Upgrade
Profit Margin,6.71%,-5.15%,-66.72%,-3.07%,-3.82%,18.56%,-1.50%,2.44%,6.98%,-3.71%,-11.19%,-16.14%,5.09%,0.73%,1.37%,4.39%,-0.20%,-1.63%,13.06%,23.11%,17.41%,-4.80%,5.32%,4.79%,5.18%,7.26%,7.00%,8.33%,6.02%,40.91%,8.72%,8.56%,10.18%,35.65%,0.92%,-0.59%,-16.01%,-0.55%,-0.57%,18.92%,Upgrade
Free Cash Flow Margin,5.34%,7.01%,3.20%,1.23%,2.31%,14.63%,7.52%,15.20%,-0.62%,-5.95%,-30.23%,28.14%,8.61%,15.86%,10.13%,21.74%,5.90%,26.43%,19.25%,-3.96%,6.39%,21.06%,7.86%,18.92%,10.86%,-1.58%,19.08%,-2.44%,8.35%,0.47%,19.87%,14.57%,7.94%,2.09%,-6.38%,-3.51%,-2.91%,13.38%,2.16%,13.27%,Upgrade
Effective Tax Rate,2.85%,-,-,-,-,19.69%,-,-,31.20%,-,-,-,-26.99%,62.32%,30.70%,-87.13%,-,-,-69.33%,-231.72%,-290.97%,-,32.00%,-1.44%,-18.65%,41.83%,50.42%,31.27%,45.70%,-295.24%,6.01%,5.45%,5.59%,-2.61%,-0.53%,-,-,-,-,-0.27%,Upgrade
EBITDA,-5.21,2.83,-5.76,8.08,9.78,89.17,24.45,27.05,60.06,19.15,1.21,-9.22,33.11,26.72,27.59,28.61,13.15,11,25.18,21.35,16.69,4.17,21.83,12.71,10.26,15.19,14.94,12.81,11.67,9.12,7.27,5.81,6.21,15.98,1.26,0.64,-5.63,0.32,0.62,7.98,Upgrade
EBITDA Margin,-2.60%,1.40%,-2.42%,3.08%,3.45%,34.52%,8.22%,10.02%,22.02%,8.62%,0.55%,-5.00%,11.70%,10.47%,8.88%,10.28%,5.01%,5.43%,12.78%,11.60%,9.22%,2.59%,12.73%,8.32%,7.75%,15.07%,15.80%,13.59%,12.32%,11.64%,10.41%,10.54%,12.19%,36.44%,3.05%,1.52%,-14.05%,0.89%,1.65%,21.34%,Upgrade
Depreciation & Amortization,5.97,8.15,11.3,11.69,12.72,14.5,17.09,19.7,22.16,22.61,17.16,19.46,16.94,16.93,16.59,16.99,15.94,12.03,7.6,5.6,5.63,5.73,5.62,4.42,4.31,2.47,1.45,1.25,1.02,0.9,0.79,0.75,0.72,0.74,0.88,0.97,0.78,0.88,0.92,0.92,Upgrade
EBIT,-11.18,-5.32,-17.05,-3.61,-2.94,74.66,7.37,7.35,37.9,-3.46,-15.95,-28.68,16.17,9.79,11,11.62,-2.8,-1.03,17.59,15.75,11.05,-1.56,16.22,8.29,5.95,12.73,13.49,11.57,10.64,8.22,6.48,5.06,5.49,15.24,0.38,-0.33,-6.41,-0.56,-0.31,7.07,Upgrade
EBIT Margin,-5.57%,-2.63%,-7.17%,-1.38%,-1.04%,28.91%,2.48%,2.72%,13.90%,-1.55%,-7.24%,-15.56%,5.71%,3.84%,3.54%,4.17%,-1.07%,-0.51%,8.92%,8.56%,6.10%,-0.97%,9.46%,5.43%,4.49%,12.62%,14.26%,12.27%,11.24%,10.49%,9.28%,9.17%,10.78%,34.74%,0.92%,-0.79%,-16.01%,-1.53%,-0.82%,18.89%,Upgrade
