Metrics,2023-03-31,2022-12-31,2022-09-30,2022-06-30,2022-03-31,2021-12-31,2021-09-30,2021-06-30,2021-03-31,2020-12-31,2020-09-30,2020-06-30,2020-03-31,2019-12-31,2019-09-30,2019-06-30,2019-03-31,2018-12-31
Revenue,329.25,293.04,287.12,297.14,311.49,276.88,265.33,260.84,273.4,233.08,212.87,212.11,234.61,197.31,200.98,190.49,186.79,178.64
Revenue Growth (YoY),5.70%,5.84%,8.21%,13.92%,13.93%,18.80%,24.64%,22.98%,16.54%,18.13%,5.92%,11.35%,25.60%,10.45%,-,-,-,-
Cost of Revenue,114.49,101.82,102.72,109.89,117.99,107.15,98.04,98.45,103.62,86.31,83.97,88.87,90.52,76.55,79.64,96,77.27,80.44
Gross Profit,214.76,191.22,184.4,187.25,193.5,169.73,167.29,162.39,169.78,146.77,128.9,123.24,144.09,120.76,121.34,94.49,109.52,98.2
"Selling, General & Admin",35.61,42.86,27.41,27.3,29.59,27.71,28.04,26.36,20.76,27.39,24.14,23.07,22.38,22.98,20.67,22.51,22.77,25.05
Other Operating Expenses,56.58,56.81,54.18,53.35,52.31,50.84,53.72,52.24,50.69,47.8,46.25,44.53,44.09,43.45,42.41,41.03,40.47,41.21
Operating Expenses,92.19,99.67,81.59,80.64,81.89,78.55,81.76,78.6,71.45,75.19,70.38,67.6,66.47,66.43,63.08,63.54,63.24,66.27
Operating Income,122.57,91.55,102.81,106.61,111.6,91.18,85.53,83.79,98.33,71.58,58.52,55.64,77.62,54.33,58.26,30.96,46.28,31.94
Interest Expense / Income,-12.49,-8.4,-3.41,-0.54,0.45,0.41,0.36,0.33,0.49,0.38,0.35,0.29,-0.7,-0.7,-0.64,-0.18,0,0
Other Expense / Income,14,-2.6,12.48,13.26,14.48,-1.63,10.54,10.92,13.71,-0.04,10.24,11.91,18.56,-17.19,18.97,11.99,-0.86,-0.79
Pretax Income,121.06,102.55,93.74,93.89,96.68,92.4,74.63,72.55,84.13,71.24,47.94,43.44,59.76,72.22,39.93,19.14,47.14,32.72
Income Tax,33.21,13.61,24.66,25.55,13.71,43.51,19.86,17.23,16.27,16.18,11.12,12.95,15.83,30.89,10.32,6.31,4.78,3.42
Net Income,87.86,88.95,69.08,68.34,82.97,48.89,54.76,55.32,67.86,55.06,36.81,30.5,43.93,41.33,29.61,12.83,42.35,29.31
Net Income Growth,5.90%,81.93%,26.15%,23.55%,22.26%,-11.21%,48.76%,81.39%,54.48%,33.22%,24.31%,137.73%,3.72%,41.02%,-,-,-,-
Shares Outstanding (Basic),208,208,206,205,204,203,202,202,199,190,188,178,166,148,143,143,222,222
Shares Outstanding (Diluted),210,210,208,207,207,208,208,207,205,198,195,185,175,157,151,151,223,222
Shares Change,1.28%,0.99%,0.06%,-0.09%,1.20%,5.30%,6.79%,11.85%,17.48%,26.37%,28.80%,22.97%,-21.85%,-29.56%,-,-,-,-
EPS (Basic),0.42,0.42,0.34,0.33,0.41,0.24,0.27,0.27,0.34,0.29,0.20,0.17,0.26,0.08,0.21,0.09,0.19,0.13
EPS (Diluted),0.42,0.42,0.33,0.33,0.40,0.23,0.26,0.27,0.33,0.28,0.19,0.16,0.25,0.06,0.20,0.09,0.19,0.13
EPS Growth,5.00%,82.61%,26.92%,22.22%,21.21%,-17.86%,36.84%,68.75%,32.00%,366.67%,-5.00%,77.78%,31.58%,-53.85%,-,-,-,-
Free Cash Flow Per Share,0.26,0.93,0.92,0.80,0.13,0.87,0.85,0.67,0.22,0.67,0.69,0.99,-0.18,0.71,0.71,0.62,-0.13,0.43
Dividend Per Share,0.090,0.080,0.080,0.080,0.080,0.080,0.080,0.080,0.080,0.080,0.080,0.080,0.080,0.080,0.080,0.080,-,-
Dividend Growth,12.50%,0%,0%,0%,0%,0%,0%,0%,0%,0%,0%,0%,-,-,-,-,-,-
Gross Margin,65.23%,65.25%,64.22%,63.02%,62.12%,61.30%,63.05%,62.26%,62.10%,62.97%,60.55%,58.10%,61.42%,61.21%,60.37%,49.60%,58.63%,54.97%
Operating Margin,37.23%,31.24%,35.81%,35.88%,35.83%,32.93%,32.24%,32.12%,35.96%,30.71%,27.49%,26.23%,33.08%,27.54%,28.99%,16.25%,24.77%,17.88%
Profit Margin,26.68%,30.35%,24.06%,23.00%,26.64%,17.66%,20.64%,21.21%,24.82%,23.62%,17.29%,14.38%,18.72%,20.95%,14.73%,6.73%,22.67%,16.41%
Free Cash Flow Margin,16.44%,65.97%,65.88%,54.87%,8.73%,63.50%,64.96%,51.97%,15.71%,54.28%,60.51%,82.74%,-12.84%,53.64%,50.47%,46.53%,-15.72%,53.91%
Effective Tax Rate,27.43%,13.27%,26.30%,27.21%,14.18%,47.09%,26.62%,23.75%,19.34%,22.71%,23.21%,29.80%,26.49%,42.77%,25.84%,32.99%,10.15%,10.44%
EBITDA,153.97,139.03,135.11,138.12,141.57,136.46,119.81,114.74,125.59,111.45,87.14,81.65,96.23,107.92,74.43,53.26,80.64,65.74
EBITDA Margin,46.77%,47.44%,47.06%,46.48%,45.45%,49.29%,45.16%,43.99%,45.94%,47.82%,40.94%,38.49%,41.02%,54.69%,37.03%,27.96%,43.17%,36.80%
Depreciation & Amortization,45.4,44.88,44.78,44.77,44.45,43.65,44.82,41.87,40.97,39.84,38.86,37.92,37.18,36.4,35.13,34.29,33.5,33.02
EBIT,108.57,94.15,90.33,93.35,97.12,92.81,74.99,72.88,84.62,71.62,48.29,43.73,59.06,71.51,39.29,18.97,47.14,32.72
EBIT Margin,32.98%,32.13%,31.46%,31.42%,31.18%,33.52%,28.26%,27.94%,30.95%,30.73%,22.68%,20.62%,25.17%,36.24%,19.55%,9.96%,25.23%,18.32%
