Metrics,2023-03-31,2022-12-31,2022-09-30,2022-06-30,2022-03-31,2021-12-31,2021-09-30,2021-06-30,2021-03-31,2020-12-31,2020-09-30,2020-06-30,2020-03-31,2019-12-31,2019-09-30,2019-06-30,2019-03-31,2018-12-31,2018-09-30,2018-06-30,2018-03-31,2017-12-31,2017-09-30,2017-06-30,2017-03-31,2016-12-31,2016-09-30,2016-06-30,2016-03-31,2015-12-31,2015-09-30,2015-06-30,2015-03-31,2014-12-31,2014-09-30,2014-06-30,2014-03-31,2013-12-31,2013-09-30,2013-06-30,+36 Quarters
Revenue,532.5,698.1,635.4,592.5,546.8,547.8,536.2,521,369.4,372.8,290.7,227.7,222.9,284,282.06,261.94,258.21,249.13,232.46,232.55,219.86,219.72,207.04,200.34,185.66,184.81,181.23,169.75,156.34,150.32,145.91,114.26,108.65,110.27,103.73,98.99,91.85,87.19,88.69,90.43,Upgrade
Revenue Growth (YoY),-2.62%,27.44%,18.50%,13.72%,48.02%,46.94%,84.45%,128.81%,65.72%,31.27%,3.06%,-13.07%,-13.67%,14.00%,21.34%,12.64%,17.44%,13.39%,12.28%,16.08%,18.42%,18.89%,14.24%,18.03%,18.75%,22.94%,24.21%,48.56%,43.90%,36.33%,40.67%,15.43%,18.29%,26.47%,16.96%,9.46%,21.55%,-5.43%,26.70%,39.40%,Upgrade
Gross Profit,532.5,698.1,635.4,592.5,546.8,547.8,536.2,521,369.4,372.8,290.7,227.7,222.9,284,282.06,261.94,258.21,249.13,232.46,232.55,219.86,219.72,207.04,200.34,185.66,184.81,181.23,169.75,156.34,150.32,145.91,114.26,108.65,110.27,103.73,98.99,91.85,87.19,88.69,90.43,Upgrade
"Selling, General & Admin",220.1,198.7,202,202.2,197.1,177.8,177.8,171.5,113.7,115.1,108.9,98.7,102.5,106.06,96.87,93.95,93.82,87.95,88.04,85.28,82.53,78.14,73.03,74.64,75.37,75.94,68.03,63.92,61.9,60.6,58.71,45.11,44.85,44.42,42.51,43.32,41.17,42.87,39.49,38.29,Upgrade
Other Operating Expenses,140.5,134.7,103.8,66.7,51.5,54.1,56,73.3,21.3,17.1,15.2,16.1,18,23.66,29.28,20.3,18.06,21.21,25.8,17.27,15.62,17.26,16.27,13.78,12.46,12.7,16.97,17.89,13.59,11.85,14.2,16.1,9.18,11.33,7.35,8.92,8.32,10.25,9.51,9.53,Upgrade
Operating Expenses,360.6,333.4,305.8,268.9,248.6,231.9,233.8,244.8,135,132.2,124.1,114.8,120.5,129.72,126.15,114.25,111.88,109.16,113.84,102.55,98.15,95.4,89.3,88.42,87.83,88.65,85.01,81.8,75.49,72.45,72.92,61.21,54.03,55.75,49.86,52.24,49.49,53.12,49,47.81,Upgrade
Operating Income,171.9,364.7,329.6,323.6,298.2,315.9,302.4,276.2,234.4,240.6,166.6,112.9,102.4,154.27,155.91,147.69,146.33,139.97,118.62,130,121.71,124.32,117.74,111.92,97.83,96.16,96.22,87.94,80.85,77.87,72.99,53.05,54.62,54.52,53.87,46.75,42.36,34.07,39.69,42.62,Upgrade
Other Expense / Income,-12.7,-,-,-,-,5.9,-,-,-,-,-,-,-,-,-,-,-,-,-,-,-,-,-,-,-,-,-,-,-,-,-,-,-,-,-,0.5,0.65,-1.34,0.71,0.89,Upgrade
Pretax Income,184.6,364.7,329.6,323.6,298.2,310,302.4,276.2,234.4,240.6,166.6,112.9,102.4,154.27,155.91,147.69,146.33,139.97,118.62,130,121.71,124.32,117.74,111.92,97.83,96.16,96.22,87.94,80.85,77.87,72.99,53.05,54.62,54.52,53.87,46.24,41.71,35.41,38.98,41.73,Upgrade
Income Tax,42.4,71.7,65.6,63.4,58.1,64,65.5,52.4,41.9,47,30.8,19.6,18.5,26.18,28.53,24.75,25.54,20.87,7.49,25.33,20.81,34.97,34.9,31.96,24.49,26.36,29.17,26.33,19.52,19.35,17.13,13.58,14.23,14.11,12.95,10.71,10.62,3.99,10.39,7.66,Upgrade
Net Income,142.2,293,264,260.2,240.1,246,236.9,223.8,192.5,193.6,135.8,93.3,83.9,128.09,127.38,122.94,120.8,119.1,111.12,104.68,100.9,89.35,82.84,79.96,73.34,69.8,67.05,61.61,61.33,58.53,55.86,39.48,40.38,40.41,40.92,35.54,31.09,31.41,28.59,34.07,Upgrade
Preferred Dividends,3.2,3.2,3.2,3.2,3.2,3.5,0,0,0,0,0,0,0,0,0,0,0,0,0,0,0,0,0,0,0,0,0,0,0,0.15,0.18,0.25,0.18,0.33,0.35,0.35,0.35,0.35,0.35,0.35,Upgrade
Net Income Common,139,289.8,260.8,257,236.9,242.5,236.9,223.8,192.5,193.6,135.8,93.3,83.9,128.09,127.38,122.94,120.8,119.1,111.12,104.68,100.9,89.35,82.84,79.96,73.34,69.8,67.05,61.61,61.33,58.38,55.68,39.23,40.21,40.08,40.57,35.19,30.73,31.06,28.24,33.72,Upgrade
Net Income Growth,-41.33%,19.51%,10.09%,14.83%,23.06%,25.26%,74.45%,139.87%,129.44%,51.14%,6.61%,-24.11%,-30.54%,7.55%,14.63%,17.44%,19.72%,33.30%,34.14%,30.91%,37.57%,28.00%,23.55%,29.78%,19.58%,19.57%,20.42%,57.07%,52.54%,45.65%,37.27%,11.49%,30.83%,29.03%,43.64%,4.35%,49.68%,-1.60%,86.96%,166.85%,Upgrade
Shares Outstanding (Basic),108,108,108,107,106,104,103,103,101,100,100,100,101,102,102,103,104,105,105,105,105,104,104,104,104,104,104,103,102,101,101,88,88,87,87,87,86,86,86,86,Upgrade
Shares Outstanding (Diluted),108,108,108,108,107,105,104,103,101,100,100,100,102,102,102,104,104,105,105,105,105,105,105,105,105,105,105,103,103,102,102,89,88,88,88,87,87,87,87,87,Upgrade
Shares Change,1.59%,3.54%,3.85%,4.16%,5.13%,4.29%,3.80%,3.40%,-0.29%,-1.76%,-2.29%,-3.38%,-2.66%,-3.24%,-2.84%,-1.82%,-0.81%,0.23%,0.48%,0.36%,0.47%,0.37%,0.36%,1.52%,2.24%,2.64%,3.00%,16.68%,15.93%,16.01%,15.93%,1.54%,1.53%,1.28%,0.93%,0.94%,1.33%,2.01%,5.44%,5.58%,Upgrade
EPS (Basic),1.29,2.68,2.43,2.40,2.23,2.33,2.29,2.18,1.91,1.94,1.36,0.93,0.83,1.26,1.25,1.19,1.16,1.13,1.06,1.00,0.97,0.85,0.79,0.77,0.71,0.67,0.65,0.60,0.60,0.59,0.55,0.44,0.46,0.46,0.47,0.41,0.35,0.37,0.33,0.39,Upgrade
EPS (Diluted),1.28,2.67,2.42,2.39,2.22,2.32,2.28,2.17,1.90,1.93,1.36,0.93,0.83,1.25,1.24,1.19,1.16,1.14,1.05,0.99,0.96,0.85,0.79,0.76,0.70,0.66,0.64,0.60,0.60,0.58,0.55,0.44,0.45,0.45,0.46,0.40,0.35,0.36,0.33,0.39,Upgrade
EPS Growth,-42.34%,15.09%,6.14%,10.14%,16.84%,20.21%,67.65%,133.33%,128.92%,54.40%,9.68%,-21.85%,-28.45%,9.65%,18.10%,20.20%,20.83%,34.12%,32.91%,30.26%,37.14%,28.79%,23.44%,26.67%,16.67%,13.79%,16.36%,36.36%,33.33%,28.89%,19.57%,10.00%,28.57%,25.00%,39.39%,2.56%,45.83%,-5.26%,83.33%,160.00%,Upgrade
Free Cash Flow Per Share,3.04,6.84,4.22,2.94,5.63,5.56,-20.95,-11.95,0.89,2.19,1.54,1.58,1.11,1.62,1.94,1.68,1.42,1.44,1.36,1.51,0.84,1.07,0.89,0.82,0.82,0.63,0.93,0.39,0.67,0.76,0.47,0.17,0.80,0.65,0.48,0.19,0.45,0.29,0.42,0.47,Upgrade
Dividend Per Share,0.360,0.360,0.360,0.350,0.350,0.350,0.350,0.250,0.250,0.250,0.250,0.250,0.250,0.250,0.250,-,-,-,-,-,-,-,-,-,-,-,-,-,-,-,-,-,-,-,-,-,-,-,-,-,Upgrade
Dividend Growth,2.86%,2.86%,2.86%,40.00%,40.00%,40.00%,40.00%,0%,0%,0%,0%,-,-,-,-,-,-,-,-,-,-,-,-,-,-,-,-,-,-,-,-,-,-,-,-,-,-,-,-,-,Upgrade
Gross Margin,100.00%,100.00%,100.00%,100.00%,100.00%,100.00%,100.00%,100.00%,100.00%,100.00%,100.00%,100.00%,100.00%,100.00%,100.00%,100.00%,100.00%,100.00%,100.00%,100.00%,100.00%,100.00%,100.00%,100.00%,100.00%,100.00%,100.00%,100.00%,100.00%,100.00%,100.00%,100.00%,100.00%,100.00%,100.00%,100.00%,100.00%,100.00%,100.00%,100.00%,Upgrade
Operating Margin,32.28%,52.24%,51.87%,54.62%,54.54%,57.67%,56.40%,53.01%,63.45%,64.54%,57.31%,49.58%,45.94%,54.32%,55.27%,56.38%,56.67%,56.18%,51.03%,55.90%,55.36%,56.58%,56.87%,55.87%,52.69%,52.03%,53.09%,51.81%,51.71%,51.80%,50.03%,46.43%,50.27%,49.44%,51.93%,47.22%,46.12%,39.08%,44.75%,47.13%,Upgrade
Profit Margin,26.10%,41.51%,41.05%,43.38%,43.32%,44.27%,44.18%,42.96%,52.11%,51.93%,46.71%,40.97%,37.64%,45.10%,45.16%,46.93%,46.78%,47.81%,47.80%,45.01%,45.89%,40.66%,40.01%,39.91%,39.50%,37.77%,37.00%,36.30%,39.23%,38.83%,38.16%,34.33%,37.01%,36.35%,39.11%,35.55%,33.46%,35.63%,31.84%,37.29%,Upgrade
Free Cash Flow Margin,61.75%,105.66%,71.47%,53.32%,109.13%,105.40%,-403.52%,-235.47%,24.28%,58.83%,52.98%,69.21%,50.47%,58.02%,70.24%,66.03%,57.38%,60.67%,61.28%,67.85%,39.91%,50.75%,44.96%,42.40%,46.00%,35.12%,53.31%,23.75%,43.64%,51.11%,32.59%,12.98%,64.75%,51.56%,40.10%,16.32%,42.32%,28.49%,40.53%,44.30%,Upgrade
Effective Tax Rate,22.97%,19.66%,19.90%,19.59%,19.48%,20.65%,21.66%,18.97%,17.88%,19.53%,18.49%,17.36%,18.07%,16.97%,18.30%,16.76%,17.45%,14.91%,6.32%,19.48%,17.10%,28.13%,29.64%,28.56%,25.03%,27.42%,30.32%,29.94%,24.14%,24.85%,23.47%,25.59%,26.06%,25.88%,24.04%,23.15%,25.47%,11.27%,26.65%,18.36%,Upgrade
EBITDA,207.1,386.8,348.5,340.7,314.7,322.9,317.8,288.9,243.4,249.2,180.3,117,110.6,160.67,167.13,152.26,153.14,143.81,122.26,133.41,125.12,127.76,121.31,115.1,101.04,99.39,99.36,91.47,83.46,80.3,75.09,54.88,56.73,56.36,54.98,47.96,43.21,37.64,40.53,42.66,Upgrade
EBITDA Margin,38.89%,55.41%,54.85%,57.50%,57.55%,58.94%,59.27%,55.45%,65.89%,66.85%,62.02%,51.38%,49.62%,56.57%,59.25%,58.13%,59.31%,57.72%,52.59%,57.37%,56.91%,58.15%,58.59%,57.45%,54.42%,53.78%,54.82%,53.89%,53.38%,53.42%,51.46%,48.03%,52.22%,51.11%,53.00%,48.45%,47.04%,43.17%,45.70%,47.17%,Upgrade
Depreciation & Amortization,22.5,22.1,18.9,17.1,16.5,12.9,15.4,12.7,9,8.6,13.7,4.1,8.2,6.39,11.23,4.57,6.81,3.84,3.65,3.41,3.41,3.44,3.57,3.18,3.21,3.22,3.14,3.53,2.61,2.43,2.1,1.83,2.12,1.84,1.11,1.72,1.5,2.23,1.55,0.92,Upgrade
EBIT,184.6,364.7,329.6,323.6,298.2,310,302.4,276.2,234.4,240.6,166.6,112.9,102.4,154.27,155.91,147.69,146.33,139.97,118.62,130,121.71,124.32,117.74,111.92,97.83,96.16,96.22,87.94,80.85,77.87,72.99,53.05,54.62,54.52,53.87,46.24,41.71,35.41,38.98,41.73,Upgrade
EBIT Margin,34.67%,52.24%,51.87%,54.62%,54.54%,56.59%,56.40%,53.01%,63.45%,64.54%,57.31%,49.58%,45.94%,54.32%,55.27%,56.38%,56.67%,56.18%,51.03%,55.90%,55.36%,56.58%,56.87%,55.87%,52.69%,52.03%,53.09%,51.81%,51.71%,51.80%,50.03%,46.43%,50.27%,49.44%,51.93%,46.72%,45.41%,40.61%,43.96%,46.15%,Upgrade
